1602 2484
511 50 746 84 ‹JAPJ'FVLA
774 50 857 84 LIB.
886 50 944 84 IV.
972 49 1003 82 V
1377 50 1429 90 1.’”)

179 158 322 199 XVIII
366 158 429 199 De
463 158 506 199 l'.
533 157 735 199 Africano
775 159 990 211 superiore
1030 160 1199 211 sumpta
1231 158 1431 210 quaedam

89 234 137 258 ex
173 217 395 259 annalibus
427 221 662 258 memoratu
697 217 956 270 dignissima.

178 276 275 317 XIX
329 276 438 325 Quid
476 276 531 316 M.
564 275 699 316 Varro
747 278 787 317 in
833 277 1079 328 logistorico
1125 276 1339 329 scripserit
1384 275 1432 315 de

88 336 345 377 moderando
379 337 493 376 victu
526 350 754 389 puerorum
789 336 1021 388 inpubium.

176 394 254 435 XX
287 394 434 435 Notati
457 410 480 434 a
502 395 759 449 censoribus,
787 395 856 447 qui
880 394 1149 435 audientibus
1170 394 1221 434 iis
1243 395 1434 434 dixerant

89 455 179 495 ioca
213 453 417 507 quaedam
452 453 824 507 intempestiviter3
857 470 905 493 ae
939 454 987 493 de
1021 454 1109 493 eius
1140 467 1306 507 quoque
1333 455 1434 492 nota

89 513 384 566 deliberatum,
418 514 486 565 qui
523 515 698 553 steterat
730 514 838 552 forte
871 513 979 566 apud
1016 527 1086 552 eos
1120 511 1433 553 oscitabundus.

369 656 683 703 OAPITVLA
723 656 892 702 LIBRI
931 656 1154 710 QVINTI

175 747 195 789 I
229 748 350 797 Quod
375 747 596 789 Musonius
630 747 910 802 philosophus
942 748 1211 801 reprehendit
1237 747 1431 801 inproba-

87 808 232 860 vitque
269 807 432 848 laudari
467 807 770 861 philosophum
804 807 1077 847 disserentem
1111 823 1133 847 a
1166 807 1432 847 vociferanti-

87 867 166 907 bus
198 869 239 907 et
271 867 315 907 in
346 867 556 907 laudando
592 866 884 922 gestientibus.

175 924 216 966 II
267 925 403 979 Super
446 940 553 978 equo
600 925 829 965 Alexandri
874 925 1006 979 regiS,
1051 925 1123 978 qui
1166 924 1432 978 Bucephalas

87 984 324 1038 appellatus
357 988 420 1024 est

174 1042 239 1084 III
272 1043 386 1092 Quae
417 1058 542 1085 causa
570 1044 765 1097 quodque
792 1044 961 1083 initium
988 1043 1117 1083 fuisse
1145 1042 1309 1083 dicatur
1334 1042 1432 1082 Pro>

87 1105 261 1157 tagorae
293 1102 346 1143 ad
377 1101 673 1155 philosophiae
706 1102 866 1142 litteras
898 1101 1091 1142 adeundi.

174 1161 236 1202 IV
271 1161 334 1202 De
366 1161 494 1202 verbo
528 1161 825 1213 duovicesimo,
863 1161 973 1214 quod
1008 1161 1134 1215 volgo
1167 1160 1430 1215 incognitum

91 1224 170 1275 est,
209 1236 232 1260 a
270 1220 372 1261 viris
411 1221 544 1261 doctis
583 1221 861 1261 multifariam
893 1221 937 1261 in
970 1220 1088 1260 libris
1122 1220 1326 1273 scriptum
1359 1221 1432 1259 est.

177 1278 216 1319 V
250 1278 497 1319 Cuiusmodi
525 1280 617 1320 ioco
646 1279 914 1321 incavillatus
936 1279 990 1319 sit
1009 1278 1271 1319 Antiochum
1292 1293 1433 1332 regem

86 1338 253 1379 Poenus
286 1338 514 1378 Hannibal.

175 1396 236 1437 VI
280 1396 344 1438 De
377 1398 543 1438 coronis
577 1397 853 1446 militaribus;
887 1412 992 1450 quae
1025 1397 1080 1437 sit
1113 1411 1255 1437 earum
1287 1396 1433 1436 trium-

87 1455 243 1509 phalis,
282 1471 389 1509 quae
428 1456 722 1509 obsidionalis,
768 1470 874 1509 quae
913 1456 1063 1509 civica,
1103 1470 1209 1509 quae
1246 1455 1432 1508 muralis,

88 1529 194 1568 quae
215 1516 453 1569 castrensis,
473 1530 579 1568 quae
600 1515 772 1569 navalis,
794 1530 900 1569 quae
916 1515 1062 1567 ovalis,
1083 1529 1188 1567 quae
1204 1515 1431 1569 oleaginea.

175 1573 258 1614 VII
287 1574 523 1614 ‘Personae'
552 1574 805 1615 vocabulum
827 1589 953 1628 quam
973 1573 1110 1627 lepide
1130 1573 1432 1627 interpretatus

88 1633 143 1672 sit
181 1647 392 1687 quamque
431 1647 521 1673 esse
543 1634 674 1674 >vocis
712 1634 801 1673 eius
841 1634 1048 1688 originem
1088 1633 1240 1673 dixerit
1277 1631 1432 1673 Gavius

87 1690 256 1732 Bassus.

176 1749 281 1791 VIII
312 1750 521 1791 Defensus
549 1765 664 1791 eir-ol
689 1766 713 1791 a
739 1750 918 1805 Vergilii
944 1750 1149 1803 versibus,
1179 1764 1284 1804 quos
1312 1764 1433 1804 argu-

87 1812 177 1849 eiat
206 1808 341 1850 Iulius
373 1808 571 1864 Hyginus
604 1811 921 1863 grammaticus·
960 1811 1001 1850 et
1033 1809 1207 1862 ibidem,
1243 1809 1344 1862 quid
1360 1785 1432 1848 Osit

86 1868 116 1908 li
168 1882 235 1919 us·
269 1868 402 1921 deque
435 1869 695 1923 ἑτυμολογιᾳ
726 1869 842 1909 vocis
875 1844 974 1909 eiiis.

175 1902 235 1967 IX
268 1926 459 1968 Historia
486 1927 535 1967 de
563 1926 707 1968 Croesi
732 1927 821 1968 filio
849 1930 966 1967 muto
995 1941 1046 1967 ex
1066 1926 1275 1967 Herodoti
1299 1926 1429 1967 libris.
1450 1926 1472 1963 J

175 1985 214 2026 X
245 1985 309 2026 De
329 1987 602 2040 argumentis,
624 2000 730 2039 quae
751 1984 904 2026 Graece
926 1985 1270 2039 ἀντιστρέφοντα
1291 1985 1430 2039 appel-

85 2043 238 2098 lantur,
271 2060 294 2085 a
324 2045 447 2086 nobis
482 2045 726 2098 ‘reciproca'
761 2045 841 2085 dici
874 2047 1062 2098 possunt.

174 2102 234 2144 XI
278 2103 441 2144 Biantis
486 2104 535 2144 de
578 2118 622 2144 re
662 2105 810 2144 uxoria
849 2104 1144 2159 syllogismum
1183 2118 1268 2144 non
1306 2117 1430 2156 posse

86 2162 218 2202 videri
251 2161 565 2217 ἀναστρέφειν.

174 2219 256 2261 XII
299 2220 364 2262 De
401 2221 645 2262 nominibus
678 2221 850 2263 deorum
884 2221 1033 2275 populi
1064 2221 1247 2262 Romani
1279 2220 1430 2261 Diovis

87 2281 128 2319 et·
161 2278 373 2321 Vediovis.
