1591 2474
145 68 223 102 LIV
674 70 941 104 PRAEFATIO

142 181 259 217 verba
290 181 527 230 legebantur.
584 181 614 217 E
648 181 819 218 fontibus
852 180 967 218 Gellii
999 183 1153 220 usitatis
1186 186 1344 232 propter
1376 187 1470 220 tem-

142 252 279 287 porum
322 241 492 276 rationes
536 240 759 276 removendi
802 243 892 277 sunt
930 243 1030 277 certe
1069 241 1224 278 Servius
1264 241 1470 290 Sulpicius,

142 298 304 335 fortasse
336 297 464 334 Labeo
499 297 730 347 Capitoqueg
768 301 890 335 restat
926 300 1005 336 fere
1039 300 1126 348 plus
1158 302 1295 337 ceteris
1327 302 1469 338 ascitus

140 356 333 394 Masurius
366 355 548 403 Sabinus,
587 358 655 405 qui
692 357 738 393 de
777 357 864 394 dote
897 359 1053 406 scripsit
1082 358 1170 409 Dig.
1197 359 1364 396 XXXIII
1392 355 1470 411 4¹),

140 414 185 451 de
212 415 342 452 uxoris
369 428 478 451 servo
505 415 592 464 Dig.
620 415 747 451 XXIV
772 418 805 462 1,
832 418 867 463 7,
891 417 914 451 8
943 411 1005 467 (=
1026 416 1184 454 Bremer
1202 418 1240 453 II
1262 419 1357 465 499,
1380 414 1470 469 95),

139 473 205 510 sed
236 487 305 522 pro
339 476 442 511 certo
475 474 546 511 hoc
578 477 774 522 praestare
807 488 883 511 non
915 476 1051 521 ausim,
1084 489 1169 513 cum
1200 489 1244 512 ne
1271 477 1358 513 aliis
1385 479 1470 525 qui-

139 531 225 568 dem
257 533 390 569 multis
423 532 467 568 de
499 532 571 569 hac
602 545 642 569 re
674 532 887 570 disserendi
919 536 1191 583 opportunitas
1223 535 1390 572 defuerit

141 592 162 626 7
192 604 235 627 ex
260 590 419 639 Nigidio
440 591 463 627 l.
485 591 508 627 l.
537 586 616 642 (Di.
639 592 690 628 47
718 591 789 628 ΜΘ.
813 592 894 628 648
922 592 987 629 Kr.
1010 594 1081 640 4ος
1104 594 1156 630 55
1184 594 1254 630 Ru.
1277 590 1349 645 66)
1362 589 1392 645 2)
1416 616 1468 620 —

141 650 176 695 9,
204 651 311 685 1—5
340 662 383 686 ex
410 649 535 686 Probo
556 650 579 686 l.
600 651 623 686 1.
652 644 735 701 (ΚΥ.
758 646 849 702 83),
881 663 980 699 quae
1012 654 1203 699 secuntur,
1236 652 1398 690 fortasse
1426 666 1469 689 ΘΧ

138 707 228 743 libri
259 708 429 745 eiusdem
462 709 658 757 prooemio
690 710 751 747 vel
783 704 980 760 epilogo3)
1013 732 1059 735 —
1092 712 1156 758 10,
1178 712 1287 747 2-7
1319 724 1363 748 ΘΧ
1388 711 1467 759 Hy-

138 767 227 815 gino
267 761 356 816 (Me.
392 767 474 803 660
509 766 574 803 Kr.
608 762 734 818 7834),
765 768 788 804 8
810 780 892 816 sqq.
925 781 970 805 ΘΧ
1002 769 1126 806 Probo
1160 766 1197 820 (ἶῖ)
1229 769 1294 806 Kr.
1325 765 1467 815 10635)

141 846 188 848 —
229 826 278 861 13
318 837 362 862 ex
394 825 553 874 Nigidio
587 821 677 877 (Me.
707 827 787 864 653
822 826 885 863 Kr.
915 829 966 864 55
1001 828 1070 864 Ru.
1102 823 1215 879 11)⁶j)
1253 849 1300 854 -
1340 830 1390 865 14
1425 842 1470 865 ΘΧ.

137 882 300 920 Laberio
322 878 401 933 (Fr.
425 880 526 935 528)
538 879 570 935 7)
596 905 641 910 -
672 880 783 935 158),
813 886 882 932 16,
913 887 976 933 17,
999 888 1021 923 2
1049 899 1094 922 ΘΧ
1119 886 1245 923 Plinio
1273 882 1362 937 (Me.
1386 888 1468 925 670

136 942 201 978 Kr.
231 943 253 979 9
287 942 357 978 Ru.
387 938 477 993 42);
514 945 577 989 17,
608 946 625 979 1
669 957 712 980 ΘΧ
743 944 870 980 Ennio
908 946 992 993 ipso
1025 945 1085 981 Fr.
1115 946 1214 992 5313
1252 946 1387 982 malim
1425 959 1468 983 ex

138 1001 324 1038 Varronis
357 1001 402 1038 de
435 1003 571 1049 poetis,
604 1015 719 1050 quem
748 1015 776 1039 c.
806 1005 870 1045 21,
899 1005 951 1039 45
985 1005 1024 1039 111
1056 1006 1185 1052 partes
1218 1016 1306 1041 sua-s
1338 1009 1467 1052 vocat;

136 1060 203 1096 cfr.
233 1062 271 1096 et
296 1059 384 1097 Isid.
412 1060 483 1096 XV
513 1063 547 1107 1,
576 1061 627 1097 63
666 1082 712 1085 ——
752 1063 802 1098 19
837 1074 881 1098 ΘΧ
906 1062 1085 1110 Epicteto
1112 1062 1271 1099 Arriani
1304 1075 1370 1111 per
1396 1063 1467 1101 Fa-

136 1119 316 1155 vorinum
352 1119 606 1167 interpretem
639 1114 727 1171 (Ru.
757 1116 829 1170 55)
863 1142 918 1145 -
954 1122 1003 1157 21
1045 1133 1089 1157 ΘΧ
1120 1121 1308 1158 Varronis
1340 1123 1467 1159 annal.

135 1179 174 1213 et
199 1177 244 1213 de
270 1178 394 1225 poetis
421 1180 460 1214 et
485 1178 648 1226 Nepotis
675 1178 854 1216 chronico
882 1174 971 1230 (Ru.
995 1180 1065 1226 ‘253
1089 1180 1159 1226 263
1182 1181 1233 1217 33
1258 1179 1323 1217 Kr.
1345 1175 1466 1231 52).9)

223 1235 354 1272 XVIII
382 1237 405 1272 4
445 1248 489 1272 ex
521 1237 680 1285 Nigidio
718 1238 883 1275 fortasse
918 1234 1126 1289 omnia¹⁰);
1164 1251 1253 1275 nam
1286 1239 1349 1276 vix
1382 1238 1466 1276 Sul-

136 1294 260 1342 picius
302 1294 387 1332 fons
425 1294 502 1331 fuit
539 1297 752 1333 communis
790 1295 922 1343 Gellii,
967 1297 1085 1334 Nonii
1116 1296 1171 1333 IV
1203 1311 1238 1345 p.
1273 1298 1367 1344 416,
1402 1299 1466 1345 27,

136 1352 259 1389 Servii
289 1353 339 1401 pl.
370 1353 414 1389 A.
445 1353 463 1389 I
491 1354 572 1390 392
605 1354 643 1390 ΙΙ
671 1355 725 1391 80
757 1354 811 1390 XI
841 1356 934 1401 715,
971 1355 1038 1392 ubi
1068 1354 1219 1404 Nigidii
1251 1357 1466 1406 exemplum

137 1431 186 1435 —
218 1413 240 1447 5
268 1423 312 1447 ΘΧ
324 1411 498 1461 ‚Vergilii
524 1413 810 1450 commentariis
832 1408 911 1464 (vd.
932 1412 956 1461 ξ
981 1415 1045 1461 12,
1064 1413 1135 1450 ΜΘ.
1159 1415 1239 1450 676
1268 1417 1306 1451 et
1332 1417 1466 1452 contra

133 1469 199 1506 Kr.
237 1471 313 1507 101
354 1470 456 1507 idem
494 1483 581 1507 ann.
617 1467 778 1523 724)11)
816 1493 862 1496 ——
901 1472 937 1519 6,
967 1473 1074 1509 1-6
1109 1485 1153 1509 ΘΧ
1184 1473 1339 1510 Melisso
1371 1474 1394 1510 1.
1430 1474 1464 1521 1.,

230 1594 261 1635 1)
288 1593 357 1627 Cfr.
380 1593 527 1627 Bremer
546 1595 752 1637 Iarisprud.
773 1596 888 1629 anteh.
910 1595 942 1628 II
961 1607 994 1639 p.
1017 1599 1101 1637 3563
1121 1599 1205 1638 4533
1227 1599 1294 1629 497
1309 1608 1384 1640 sqq.

228 1643 261 1683 2)
287 1640 379 1674 Item
400 1640 560 1685 Roehrig
582 1645 622 1674 12
650 1641 829 1675 Swoboda
852 1646 903 1675 73.
948 1642 1048 1684 Erat,
1075 1654 1157 1676 cum
1183 1642 1394 1687 cogitabam
1421 1644 1465 1678 de

133 1686 242 1721 Probi
268 1688 313 1721 de
338 1688 543 1731 temporum
570 1688 767 1722 conexione
792 1688 919 1723 libello
947 1688 1054 1732 (Sex-V.
1077 1690 1118 1723 A.
1140 1688 1206 1723 VII
1226 1693 1316 1731 421).

228 1736 261 1775 3)
289 1734 346 1768 Sic
374 1734 485 1778 Steup
514 1738 580 1768 133
606 1735 665 1768 Kr.
694 1739 748 1777 83,
781 1735 842 1769 cfr.
870 1737 906 1769 et
932 1735 1000 1769 Me.
1028 1739 1105 1770 645.
1156 1735 1259 1770 Certe
1286 1740 1304 1778 ξ
1330 1740 1463 1770 18-27

133 1792 204 1814 11011
237 1792 279 1814 ΘΧ
311 1781 496 1815 Herodoto
522 1781 555 1814 V
581 1786 635 1823 35,
667 1782 730 1815 ubi
762 1782 814 1815 nil
847 1783 891 1816 de
923 1783 1015 1816 servi
1046 1783 1160 1817 oeulis
1192 1783 1369 1828 aegrotis;
1402 1785 1464 1818 sed

134 1828 213 1861 fons
238 1828 383 1862 videtur
409 1839 486 1862 esse
514 1828 672 1862 Graecus
699 1829 773 1862 iam
798 1831 947 1873 propter
973 1829 1152 1874 σκυτάλην
1177 1829 1289 1864 illam.

228 1877 262 1917 4)
290 1874 359 1909 Cfr.
380 1875 547 1909 Ribbeck
572 1879 647 1909 120.

227 1923 260 1965 5)
287 1921 357 1955 Cfr.
380 1922 477 1956 Beck
497 1923 602 1956 Prob.
626 1926 668 1956 10
694 1922 765 1956 Leo
788 1923 1007 1968 Bioyraphz'e
1026 1927 1080 1957 21.

228 1970 261 2011 6)
287 1968 449 2013 Roehrig
476 1973 516 2002 12
544 1968 723 2003 Swoboda
750 1973 802 2003 79.
928 1972 959 2013 7)
986 1969 1039 2003 ΕΧ
1065 1969 1227 2004 Varrone
1252 1970 1316 2004 Ne.
1339 1974 1415 2004 265.

228 2017 261 2058 8)
288 2014 323 2049 C.
347 2018 388 2049 16
415 2017 452 2049 et
478 2019 519 2049 17
547 2026 590 2050 ΘΧ
614 2015 757 2050 Lenaeo
783 2016 848 2050 Ne.
871 2019 948 2050 257.

228 2064 261 2105 9)
289 2061 358 2096 Cfr.
380 2062 504 2106 Unger
523 2062 613 2096 Mus.
630 2062 742 2097 Rhen.
759 2062 891 2096 XXXV
905 2065 1022 2107 (1880)
1039 2067 1080 2097 13
1100 2063 1227 2097 Rohde
1242 2063 1332 2097 Mus.
1346 2063 1462 2098 Rhen.

133 2107 283 2141 XXXVI
303 2110 420 2152 (1881)
441 2113 506 2142 422
528 2109 677 2142 Mfinzer
697 2113 779 2151 3253
801 2113 867 2143 336
889 2110 1017 2144 Solfiau
1036 2109 1166 2144 Philol.
1188 2113 1231 2144 58
1247 2111 1363 2154 (1899)
1380 2114 1462 2152 56&

134 2155 178 2188 de
211 2159 229 2196 ξ
256 2158 276 2189 8
309 2156 361 2189 vd
390 2155 531 2199 Jacoby
564 2156 778 2200 Apollodors
811 2157 965 2191 Chromk
993 2160 1068 2199 142,
1101 2157 1147 2190 de
1173 2160 1192 2198 ξ
1218 2160 1262 2190 45
1288 2156 1466 2191 Buettner

134 2202 286 2236 Porcius
312 2203 465 2237 Licinus
491 2207 544 2236 51.

206 2251 261 2292 10)
288 2247 358 2282 Cfr.
379 2248 442 2283 Ne.
466 2253 531 2282 272
559 2249 720 2293 Roehrig
741 2254 781 2283 12
810 2249 989 2284 Swoboda
1011 2253 1064 2292 17,
1091 2249 1153 2284 cfr.
1175 2251 1211 2283 et
1232 2249 1291 2283 Kr.
1311 2254 1385 2284 108.

208 2300 260 2337 11)
288 2294 357 2329 Cfr.
380 2295 489 2330 Hertz
513 2296 576 2340 Op.
598 2296 642 2330 G.
665 2299 730 2329 130
751 2297 838 2330 adn:
857 2300 908 2330 37.
960 2295 1012 2329 ΕΧ
1038 2296 1155 2330 Probo
1181 2296 1245 2330 Ne.
1268 2300 1345 2330 274.
