1591 2474
144 63 292 98 XXVIII
675 63 944 97 PRAEFATIO

146 177 200 212 sic
232 175 287 212 IV
317 177 367 212 17
401 175 447 212 (16
479 187 557 222 con,
589 176 669 221 snb,
701 176 756 222 ob,
781 186 855 220 pro
888 174 1021 212 addito
1054 177 1207 224 praeter
1239 176 1317 212 alia
1349 175 1481 214 eodem

147 235 320 283 exemplo
347 234 598 279 Sallustiano,
630 232 733 281 quod
765 235 883 282 caput
911 233 959 270 ad
984 234 1152 270 Probum
1178 235 1239 270 vel
1266 234 1481 283 Sulpicium

146 293 415 342 Apollinarem
458 294 700 330 revocarunt
768 291 826 328 Ex
863 292 989 329 Probo
1026 293 1240 330 hauserunt
1275 293 1481 331 Diomedes

148 353 233 403 tcfr.
266 352 354 388 Keil
386 365 441 400 pr
474 346 565 402 LII)
605 353 643 388 et
673 351 913 398 Priscianus
951 352 1158 399 praecipue
1195 353 1235 388 in
1274 353 1401 400 capite
1436 352 1482 389 de

147 411 335 459 perfecto:
378 411 495 463 habes
534 398 704 447 Gellium
743 408 767 457 ἓ
802 411 824 446 2
868 411 1134 446 concinentem
1171 422 1257 447 cum
1294 410 1482 448 Diomede

148 471 243 513 409,
267 471 308 515 2,
336 458 432 516 433,
456 470 519 514 15
546 467 570 516 ξ
594 471 643 506 11
673 480 760 505 011111
786 468 986 506 Prisciano
1014 469 1029 505 I
1057 470 1230 514 461,14
1262 464 1326 520 (de
1353 465 1481 521 coefi)

146 528 253 565 Haec
279 529 409 565 01111113
435 528 666 564 documenta
693 539 773 564 esse
799 527 953 564 infirma
978 540 1054 564 non
1080 540 1141 564 me
1168 528 1283 573 fallit,
1315 528 1381 565 sed
1406 541 1482 565 non

147 587 378 633 infirmiora,
413 598 531 634 quam
563 585 704 634 quibus
736 587 842 623 nisus
874 586 978 623 Beck
1011 587 1035 623 8
1068 586 1239 623 Plinium
1271 599 1315 623 ex
1347 588 1482 625 inferis

148 646 360 682 arcessivit.
422 645 561 693 Itaque
598 645 659 682 his
698 657 742 681 ex
774 657 842 682 suo
875 646 1039 692 quisque
1071 646 1228 694 ingenio
1260 645 1391 682 demat
1422 646 1483 683 vel

147 704 266 741 addat
302 703 417 741 fidem
439 725 494 729 --
522 704 572 741 18
613 716 657 739 ex
694 704 889 740 Favorino
928 699 1018 755 (Ru.
1052 705 1124 751 45,
1159 699 1294 754 60)¹),
1332 706 1401 752 qui
1438 715 1482 741 ex

146 763 361 811 Hermippo
389 760 475 812 περὶ
500 767 577 799 τῶν
602 762 903 812 διαπρεψάντων
928 761 969 799 ἐν
994 762 1149 815 παιδείᾳ
1175 761 1325 800 δούλων
1350 763 1483 801 hausit

147 818 233 873 (cfr.
254 822 327 858 Me.
350 815 496 873 678)2)
518 842 571 846 -—
596 823 647 858 19
676 820 846 859 Gellium
867 819 1054 858 Catonem
1080 821 1143 858 hic
1168 833 1245 857 non
1271 822 1483 870 inspexisse

146 880 335 918 iudicium
373 881 598 928 ceteroquin
636 879 817 917 cohibens
850 880 920 916 Ru.
951 882 999 916 11
1038 880 1188 917 statuit.
1253 879 1348 917 Cum
1380 881 1483 929 quod

148 939 285 985 Gellio,
316 939 419 976 idem
445 938 600 976 Donato
632 938 895 988 compluribus
924 939 1018 975 locis
1046 941 1206 985 constet,
1238 939 1484 989 confugerem

147 998 195 1034 ad
223 1010 465 1035 communem
490 997 639 1035 fontem
658 997 839 1045 Probum,
865 998 941 1035 nisi
967 1010 1026 1034 me
1048 998 1260 1034 auctoritas
1280 997 1485 1035 Mercklini

148 1053 271 1108 (apud
302 1051 524 1108 Hertzium)
560 1058 749 1104 moveret,
788 1057 855 1104 qui
888 1056 934 1093 ob
960 1058 1162 1103 propriam
1194 1059 1233 1092 et
1257 1057 1413 1103 proprie
1444 1058 1483 1093 in

148 1114 171 1163 ,ξ
202 1118 220 1152 1
239 1128 294 1163 sq.
325 1118 364 1152 et
388 1117 548 1162 proprio
579 1118 730 1152 nomme
761 1117 801 1152 in
828 1128 857 1152 c.
887 1116 952 1162 20,
981 1116 1002 1151 7
1037 1127 1081 1151 ex
1114 1114 1213 1151 libro
1240 1114 1286 1151 de
1312 1117 1483 1163 proprie-

147 1177 228 1212 tate
254 1175 349 1211 haec
370 1174 446 1211 duo
467 1175 599 1223 capita
619 1174 849 1223 deprompta
870 1186 950 1211 esse
971 1175 1146 1211 coniecit.
1196 1173 1334 1221 Itaque
1354 1175 1485 1222 potius

147 1234 193 1270 de
224 1233 355 1270 Verrii
387 1233 432 1270 de
464 1232 687 1283 significatu
719 1233 923 1270 verborum
955 1232 1055 1270 libro
1088 1233 1234 1282 cogito,
1272 1233 1334 1269 cui
1365 1234 1485 1269 etiam

148 1294 266 1341 caput
293 1294 343 1328 21
372 1291 650 1329 vindicandum
676 1294 734 1329 est
761 1288 847 1343 (Ne.
877 1286 1034 1342 256J3),
1063 1294 1108 1328 ut
1132 1291 1226 1328 haec
1251 1292 1328 1328 tria
1355 1293 1486 1340 capita

148 1364 190 1388 ex
218 1351 352 1388 eodem
377 1352 533 1387 auctore
560 1352 689 1387 ortum
714 1351 895 1387 duxerint
920 1351 1006 1399 pari
1025 1349 1139 1387 modo
1160 1351 1277 1397 atque
1298 1349 1394 1386 XIII
1415 1353 1485 1398 113

152 1412 221 1457 123
251 1411 301 1446 13
330 1412 368 1446 et
387 1408 479 1445 XVI
503 1410 572 1456 16,
602 1411 672 1458 17,
699 1410 754 1446 18
778 1409 1030 1455 exxfflanone
1055 1407 1150 1445 XIII
1174 1410 1244 1455 143
1268 1409 1338 1456 15,
1362 1409 1411 1445 16
1441 1422 1484 1446 ex

147 1469 335 1515 Messala,
369 1467 460 1504 XIV
491 1471 532 1515 13
593 1469 653 1515 ,3
687 1481 731 1505 ex
763 1468 975 1514 Favorino,
1014 1466 1126 1504 XVII
1156 1468 1404 1514 15316317
1440 1481 1483 1505 ex

148 1527 294 1574 Plinio,
333 1526 424 1563 XIX
452 1528 494 1574 2,
523 1470 582 1573 42
605 1528 646 1574 5,
681 1528 703 1563 6
744 1540 787 1564 ex
819 1527 1040 1563 Aristotele.
1103 1525 1291 1574 Exempla
1328 1528 1368 1563 et
1401 1528 1485 1563 tota

148 1557 449 1636 argumbntandi
485 1557 599 1622 ratio
650 1586 796 1634 optime
846 1584 1041 1633 quadrant
1090 1585 1138 1622 ad
1187 1585 1484 1634 grammaticum

148 1646 402 1695 Augusteum,
435 1645 613 1692 quamvis
646 1646 711 1681 vix
743 1656 967 1693 comparare
993 1645 1119 1681 ausim
1147 1644 1212 1690 20,
1235 1644 1257 1679 5
1284 1644 1485 1680 rohai-aria

150 1735 155 1741 .
179 1736 185 1742 .
208 1704 400 1751 appellata
432 1715 457 1739 a
482 1703 622 1740 tabulis
646 1703 823 1746 roboreis,
849 1703 985 1749 (suibus
1009 1705 1141 1749 saepta
1167 1704 1286 1739 essem
1312 1704 1350 1739 et
1374 1701 1484 1740 Paul.

149 1777 183 1811 p.
202 1764 296 1810 264,
315 1764 365 1799 12
393 1763 507 1799 robus
523 1792 529 1799 .
547 1763 669 1799 ‚arcis
693 1763 877 1799 robusteis
894 1761 1159 1799 includebatur
1172 1781 1227 1785 »-
1244 1762 1308 1808 22,
1326 1761 1485 1808 3—223

152 1822 319 1859 24—26
356 1834 398 1858 ex
426 1821 611 1858 Favorini
642 1820 799 1858 παντοὸ.
828 1815 933 1873 soff)
961 1841 1008 1844 —
1038 1820 1091 1857 23
1119 1819 1267 1856 Similis
1300 1822 1358 1856 est
1383 1832 1484 1856 com-

246 1972 278 2013 1)
305 1968 375 2002 Cfr.
403 1968 524 2001 Maass
552 1968 677 2012 Bioyr.
700 1968 763 2002 Gr.
787 1971 851 2000 106
878 1967 955 2009 (sed
981 1967 1093 2000 etiam
1120 1965 1365 2000 Wilamowitz
1394 1968 1484 2008 160),

149 2015 410 2056 Wachsmut-h,
437 2014 551 2057 symb.
572 2014 699 2057 philol.
721 2014 901 2048 Bonnens.
925 2018 1000 2047 140.

244 2066 277 2104 2)
303 2062 444 2096 Brandt
476 2062 522 2095 ad
549 2061 714 2094 Lactant.
743 2062 826 2094 inst.
854 2061 903 2094 III
929 2064 984 2102 25,
1013 2064 1070 2094 16:
1106 2061 1140 2093 ‘e
1166 2059 1304 2093 Seneca
1328 2058 1483 2093 fortasse

150 2111 262 2144 etiam
289 2108 428 2143 Gellius
448 2108 480 2141 II
502 2108 570 2141 18⁹.

245 2160 277 2193 3)
305 2156 374 2190 Cfr.
390 2155 512 2188 Mentz
534 2156 589 2189 De
604 2156 647 2189 L.
664 2155 766 2189 Aelio
781 2155 915 2189 Stilone
935 2156 1126 2188 comment.
1147 2153 1286 2187 lenens.
1300 2151 1350 2186 IV
1364 2154 1483 2197 (1890)

151 2208 211 2246 50,
238 2203 346 2238 aliter
370 2203 430 2236 Kr.
452 2206 507 2235 47.

244 2253 277 2291 4,)
305 2250 363 2284 Sic
383 2248 647 2283 Reifferscheid
673 2249 835 2283 Suetonii
859 2250 933 2282 rell.
953 2251 1021 2281 474
1047 2247 1178 2281 Kaibel
1205 2247 1336 2281 Antike
1358 2247 1481 2281 Wind-

150 2310 251 2332 rosen
276 2297 397 2331 Herm.
426 2295 491 2328 XX
517 2297 634 2339 (1885)
662 2299 728 2328 593
755 2295 916 2338 Roehrig
937 2299 978 2328 15
1006 2294 1184 2328 swoboda
1200 2297 1264 2335 62,
1290 2304 1482 2337 perpera-m
