1617 2484
720 61 751 94 Χ
778 66 796 94 3
1343 59 1427 99 343

89 170 282 211 Hucine
314 170 509 210 tandem
546 170 663 210 hacc
693 170 855 209 onmia
881 170 1187 219 reciderunt,
1220 170 1272 208 ut
1299 168 1427 207 civis

90 230 339 270 Romanus
378 229 427 268 in
466 229 729 281 provincia
770 229 945 281 populi
985 228 1213 279 Romani,
1256 227 1303 267 in
1343 242 1426 279 op-

89 289 205 341 pido
238 288 634 339 foederatorum,
666 288 723 327 ab
751 302 823 340 00,
857 288 939 339 qui
967 287 1222 327 beneficio
1249 286 1423 339 populi

92 347 298 388 Romani
330 347 492 387 fasces
524 360 577 386 ac
610 360 807 386 secures
836 346 1063 391 haberet,
1097 346 1351 399 deligatus
1378 345 1428 384 in

55 408 198 450 sforo
242 406 400 458 virgis
446 405 767 445 caederetur?
836 405 990 454 Quid?
1030 420 1134 445 cum
1176 405 1316 457 ignes
1355 419 1428 444 ar-

91 466 365 518 dentesque
391 465 606 505 laminae
633 465 889 517 ceterique
916 465 1171 504 cruciatus
1199 463 1427 503 admove-

91 525 288 570 bantur,
333 524 373 563 si
417 527 463 564 te
509 523 650 563 illius
696 523 873 563 acerba
914 523 1208 576 imploratio
1249 525 1295 562 et
1333 537 1427 562 vox

90 583 397 624 miserabilis
448 596 545 622 non
593 583 835 633 leniebat,
885 597 942 622 ne
993 582 1173 622 civium
1228 581 1425 634 quidem

89 642 439 694 Romanorum,
473 641 555 694 qui
588 644 689 681 tum
721 642 945 693 aderant,
979 642 1106 681 fletu
1133 641 1426 693 gemituque

36 720 69 744 10
90 701 301 741 maximo
335 700 740 741 omnmovebare?

175 759 291 800 Haec
322 759 375 799 M.
409 759 607 799 Tullius
640 760 849 811 atrociter,
885 759 1079 813 graviter,
1111 761 1207 811 apte
1241 758 1485 811 copiose-14

88 833 168 872 que
206 819 426 859 miseratus
465 821 537 858 est.
601 816 682 858 Sed
721 819 755 858 si
794 819 887 871 quis
927 821 988 858 est
1020 821 1106 857 tam
1139 818 1294 872 agresti
1326 832 1424 857 aure
1441 828 1483 857 15

87 892 135 918 ac
172 881 258 918 tam
291 877 474 930 hispida,
513 891 634 930 quem
668 878 742 917 lux
774 878 853 917 ista
886 880 926 918 et
959 877 1190 917 amoenitas
1224 876 1425 916 orationis

87 936 394 989 verborumque
433 936 690 977 modificatio
723 951 871 989 parum
905 936 1102 988 delectat,
1141 938 1253 975 uniat
1286 938 1427 975 autem

35 1014 66 1038 15
89 996 229 1048 priora
255 995 422 1048 idcirco,
449 996 562 1048 quod
587 995 803 1048 incompta
830 998 871 1035 et
897 995 1039 1035 brevia
1067 998 1107 1035 et
1133 1009 1218 1034 non
1239 1008 1428 1047 operosa,

88 1055 159 1095 sed
207 1054 349 1094 nativa
399 1055 579 1107 quadani
630 1055 835 1094 suavitate
887 1057 983 1094 sunt
1034 1054 1230 1106 quodque
1274 1054 1317 1093 in
1362 1054 1427 1093 his

86 1113 236 1153 umbra
268 1116 309 1154 et
341 1113 458 1153 color
489 1113 607 1165 quasi
643 1127 796 1166 opacae
829 1113 1051 1154 vetustatis
1079 1116 1152 1161 est,
1185 1113 1232 1164 is,
1265 1112 1299 1152 si
1327 1112 1428 1165 quid

87 1172 231 1212 iudicii
275 1172 420 1224 habet,
464 1173 699 1212 consideret
742 1173 786 1212 in
824 1186 948 1212 causa
985 1172 1076 1225 pari
1114 1172 1168 1211 M.
1202 1170 1428 1224 Catonis,

87 1231 337 1284 antiquioris
364 1230 560 1283 hominis,
590 1231 835 1283 orationem,
861 1231 911 1270 ad
938 1231 1055 1271 cuius
1082 1231 1167 1270 vini
1195 1234 1235 1271 et
1262 1231 1427 1283 copiam

34 1308 68 1332 20
90 1288 343 1331 Gracchus
381 1304 458 1330 nec
495 1290 734 1343 adspiravit.
797 1289 1038 1345 Intelleget‚
1078 1290 1245 1343 opinor,
1283 1288 1486 1330 Cato-16

85 1363 195 1389 nem
234 1351 479 1389 contentum
519 1349 758 1401 eloquentia
796 1349 944 1389 aetatis
978 1364 1075 1388 suae
1108 1362 1194 1388 non
1223 1348 1355 1389 fuisse
1387 1351 1428 1389 et

86 1407 129 1447 id
160 1408 244 1448 iani
276 1411 366 1448 tum
398 1407 534 1447 facere
566 1407 766 1459 voluisse7
806 1408 918 1461 quod
951 1409 1125 1448 Cicero
1158 1410 1305 1460 postea
1337 1422 1427 1460 per-

85 1466 196 1507 fecit.
264 1465 313 1506 In
357 1480 405 1507 eo
449 1480 631 1519 namque
674 1467 801 1519 111110,
846 1467 918 1519 qui
963 1467 1018 1507 de
1059 1465 1204 1506 falsis
1242 1464 1427 1520 pugnis
1444 1477 1487 1508 17

86 1525 314 1578 inscriptus
341 1528 414 1578 est,
440 1525 498 1565 ita
525 1525 574 1565 de
596 1524 640 1573 Q.
663 1525 844 1566 Thermo
873 1528 1126 1578 conquestus
1154 1527 1217 1565 est
1237 1524 1330 1577 (IX
1348 1525 1426 1572 J.):

32 1602 66 1626 25
86 1583 230 1624 Dixit
280 1599 302 1624 a
353 1584 651 1625 decemviris
701 1599 872 1637 parum
924 1584 1047 1625 bene
1091 1584 1189 1624 sibi
1233 1584 1428 1625 cibaria

87 1646 260 1684 curata
305 1658 420 1684 esse.
488 1642 646 1683 Iussit
690 1643 993 1684 vestimenta
1038 1643 1236 1683 detrahi
1278 1646 1427 1695 atque

86 1702 252 1756 flagro
303 1702 452 1742 caedi.
525 1701 849 1742 Decemviros
893 1701 1151 1742 Bruttiani
1196 1701 1427 1742 verbera-

87 1775 218 1813 vere,
250 1761 418 1801 videre
450 1761 597 1801 multi
630 1760 880 1801 mortales.
944 1759 1062 1808 Quis
1094 1761 1220 1801 hanc
1253 1763 1426 1801 contu-

87 1819 302 1871 meliam⁷
335 1820 446 1872 quis
477 1819 570 1860 hoc
602 1819 886 1872 imperium⁷
918 1820 1029 1872 quis
1058 1818 1185 1860 hanc
1212 1820 1427 1860 servitu—

35 1895 69 1920 30
90 1881 187 1918 tem
235 1878 366 1918 ferre
416 1878 614 1931 potest?
686 1877 841 1918 Nemo
890 1878 983 1919 hoc
1030 1893 1114 1918 rex
1158 1892 1306 1918 ausus
1352 1881 1426 1919 est

86 1937 269 1990 facere3
314 1951 432 1977 eane
475 1937 592 1977 fieri
637 1936 800 1990 bonis⁷
845 1936 973 1978 bono
1018 1951 1198 1991 genere
1240 1938 1427 1992 gnatis,

184 2115 201 2144 1
228 2111 383 2145 huccine
405 2113 431 2148 Q
455 2110 651 2154 huic(c)ine
676 2124 702 2143 ω
721 2112 722 2156 1
741 2113 865 2145 autem
883 2115 915 2144 X
932 2129 935 2157 1
952 2111 1043 2145 haec
1064 2122 1128 2145 om.
1153 2112 1222 2146 Cic.
1243 2114 1254 2155 Ιῇ
1275 2116 1294 2145 2
1321 2112 1425 2145 Rom.

87 2169 152 2192 om.
169 2159 198 2192 δ
220 2158 224 2203 Ι
246 2169 330 2202 pop.
352 2158 393 2191 R.
415 2157 469 2202 in]
491 2158 604 2202 appin
625 2159 704 2201 (-un
720 2160 758 2202 Q.)
779 2159 809 2192 δ
827 2160 838 2202 ΙΙ
858 2162 877 2191 3
898 2170 980 2202 pop.
1002 2159 1060 2203 R]
1082 2171 1104 2203 p
1126 2160 1155 2192 δ’
1173 2161 1184 2202 ΙΙ
1204 2163 1224 2192 4
1244 2159 1358 2193 falces
1377 2162 1421 2196 Q=

87 2204 223 2238 habere
243 2206 273 2239 δ
291 2207 302 2249 Η
323 2209 341 2238 6
369 2206 405 2239 et
423 2216 519 2238 mou.
542 2208 598 2242 Qz
624 2206 662 2238 et
681 2205 775 2238 adm.
797 2205 841 2238 ΒΣ
860 2207 870 2249 Η
891 2208 910 2238 8
936 2205 1130 2239 inhibebat
1153 2206 1222 2240 Cic.
1243 2207 1254 2249 Η
1276 2210 1315 2239 11
1343 2217 1427 2250 gra-

86 2251 256 2295 uiterque
275 2255 340 2285 BX
358 2254 369 2295 Η
391 2256 430 2286 17
453 2251 553 2285 calor
572 2255 594 2284 Z
615 2251 763 2296 squalor
782 2253 856 2286 Btz.
875 2254 877 2298 Ι
895 2252 1023 2296 opicae
1047 2254 1248 2287 Illarkland
1267 2254 1278 2296 Η
1297 2256 1341 2286 24
1363 2253 1425 2286 de-

87 2300 210 2343 qu(a)e
235 2300 351 2332 termo
379 2300 447 2343 (ter
471 2311 517 2332 m.
538 2300 582 2343 X)
608 2302 672 2332 ΒΧ
698 2299 742 2333 de
769 2300 1006 2343 quat(t)ernio
1034 2303 1089 2337 Qz
1109 2301 1120 2343 ΙΙ
1141 2304 1182 2333 31
1210 2300 1348 2344 ignatis
1369 2303 1427 2332 ΒΖ
