1617 2484
690 58 877 99 1121322
1370 62 1450 101 119

116 167 306 208 scribunt
349 167 468 219 quasi
509 167 711 219 quosdam
757 167 1003 220 ‘terriones’,
1046 167 1126 208 hoc
1169 171 1232 208 est
1274 170 1452 210 arandae

116 226 397 278 eolendaeque
429 229 562 266 terrae
594 226 776 267 idoneos.
838 225 984 279 Itaque
1016 226 1096 267 hoo
1127 227 1253 279 sidus,
1286 229 1397 281 quod
1429 244 1452 269 a
1492 241 1510 270 9

116 286 252 338 figura
292 285 565 338 posituraque
601 286 710 338 ipsa,
754 286 852 338 quia
890 286 1026 326 simile
1064 286 1241 339 plaustri
1278 288 1453 340 videtur,

115 338 279 396 antiqui
324 342 577 384 Graecorum
628 343 794 396 ἅμαξαν
842 345 1053 397 dixerunt,
1102 346 1235 385 nostri
1285 360 1453 399 quoque

81 420 96 444 5
116 405 275 443 veteres
309 417 333 443 a
365 402 502 443 bubus
534 403 686 443 iunctis
720 403 1056 456 ‘septentriones'
1089 405 1373 457 appellarunt,
1411 407 1453 446 id

54 715 94 740 ¹10

53 1009 91 1034 Δ15

56 1396 92 1421 20

56 1690 89 1715 25

116 464 179 503 est
209 463 369 515 septem
401 462 546 515 stellis,
576 476 627 502 ex
659 461 812 514 quibus
845 462 964 515 quasi
996 463 1127 503 iuneti
1159 463 1315 505 triones
1347 466 1452 518 figu—

115 523 270 561 rantur.
337 519 513 561 Praeter·
550 519 671 560 hane'
717 521 855 574 inquit
900 521 1158 574 ‘opinionem
1201 523 1243 563 id
1283 518 1453 577 quoque
1470 536 1511 566 10

115 579 273 620 Varro
317 579 433 619 addit
472 579 664 620 dubitare
702 594 808 633 sese,
851 595 904 619 an
943 584 1163 633 propterea
1202 583 1336 635 magis
1374 583 1452 624 hae

115 641 275 692 septem
314 639 459 678 stellae
496 638 683 679 ‘triones’
722 639 958 691 appellatae
995 640 1096 691 sint,
1135 641 1233 693 quia
1265 642 1323 681 ita
1355 646 1454 682 sunt

114 698 235 751 sitae,
278 699 326 737 ut
367 700 509 737 ternae
553 698 697 738 stellae
736 698 952 750 proximae
990 713 1179 752 quaeque
1217 700 1326 740 inter
1362 715 1452 742 sese

113 756 269 797 faciant
301 756 511 810 ‘trigona'‚
543 756 585 796 id
617 759 679 797 est
710 757 935 808 triquetras
968 757 1149 811 figuras’

200 814 266 855 Ex
307 815 373 855 his
417 815 579 855 duabus
622 815 875 867 rationibus,
920 830 1022 868 quas
1060 817 1131 856 ille
1171 818 1292 867 dixit,
1337 819 1450 871 quod
1468 831 1507 861 11

113 874 320 927 posterius
358 876 437 926 est,
475 874 672 914 subtilius
705 875 1021 928 elegantiusque
1054 890 1143 915 esse
1175 877 1322 917 visum.
1385 876 1451 918 In-

112 933 327 973 tuentibus
356 933 468 973 enim
494 933 616 973 nobis
643 933 687 973 in
712 933 818 973 illud
843 934 901 973 ita
928 935 1233 987 propemodum
1259 951 1324 976 res
1351 940 1451 990 erat,

111 994 159 1032 ut
189 991 324 1032 forma
357 1006 446 1032 esse
477 992 682 1045 triquetra
712 992 932 1033 videretur.

721 1108 842 1150 XXII

111 1189 164 1223 De
185 1191 291 1223 vento
314 1189 477 1233 ‘iapyge'
500 1189 618 1232 deque
639 1189 794 1223 aliomm
814 1192 1004 1224 ventorum
1020 1191 1206 1225 vocabulis
1220 1193 1451 1237 regionibus-

158 1247 228 1281 que
256 1239 408 1280 accepta
435 1248 478 1270 ex
504 1237 676 1270 Favorini
701 1237 939 1271 sermonibus

198 1318 325 1374 Apud
356 1335 544 1361 mensam
570 1320 808 1361 Favorini
840 1322 884 1362 in
916 1323 1108 1363 convivio
1142 1323 1339 1364 familiari
1364 1325 1449 1379 legi
1490 1338 1507 1367 1

111 1380 283 1420 solitum
321 1382 409 1420 erat
447 1383 519 1420 aut
556 1383 698 1421 vetus
738 1394 935 1420 carmen
966 1382 1134 1422 melici
1167 1386 1345 1435 poetae
1377 1387 1450 1424 aut

110 1438 326 1479 historia
351 1439 505 1492 partim
533 1437 712 1480 Graecae
738 1440 920 1493 linguae,
949 1440 1051 1480 alias
1078 1440 1270 1482 Latinae.v
1319 1441 1448 1497 Lege-
1487 1455 1507 1485 2

110 1497 234 1538 batur
262 1511 362 1552 ergo
394 1497 454 1538 ibi
479 1501 580 1538 tune
605 1499 650 1538 in
676 1499 893 1538 carmine
918 1498 1099 1539 Latino
1126 1498 1248 1551 (Hor.
1269 1515 1298 1541 c.
1320 1501 1401 1554 13,
1421 1505 1448 1541 4

110 1556 192 1597 III
207 1558 278 1606 27,
296 1556 373 1609 20)
404 1557 555 1610 iapyx
590 1559 739 1597 ventus
778 1558 1099 1611 quaesitumque
1136 1562 1215 1611 est,
1254 1560 1348 1612 quis
1379 1560 1449 1601 hio

52 1616 54 1618 ’
109 1617 258 1656 ventus
297 1618 338 1656 et
376 1615 528 1668 quibus
567 1631 616 1656 ex
648 1616 752 1656 locis
785 1617 963 1669 spiraret
994 1619 1035 1657 et
1067 1631 1173 1669 quae
1205 1621 1291 1658 tam
1324 1619 1448 1660 infre-

110 1674 276 1726 quentis
314 1674 510 1714 vocabuli
546 1675 654 1715 ratio
693 1678 818 1729 esset3
862 1678 987 1728 atque
1025 1676 1151 1716 etiam
1189 1677 1448 1731 petebamus,

204 1804 224 1834 9
250 1801 345 1835 Fest.
365 1813 399 1845 p.
422 1805 501 1844 339,
524 1805 566 1835 10
712 1805 752 1835 19
769 1814 845 1851 sqq.
874 1802 921 1836 ad
947 1804 1066 1836 totum
1093 1805 1204 1847 caput
1230 1803 1292 1837 cfr.
1320 1804 1445 1847 (Arist.

109 1849 258 1881 meteor.
278 1847 312 1882 Π
332 1851 351 1881 6
377 1848 492 1892 probl.
514 1848 631 1882 XXVI
654 1853 670 1882 1
698 1848 878 1892 Theophr.
900 1849 944 1882 de
965 1852 1058 1883 vent.
1082 1850 1199 1884 Strab.
1213 1850 1230 1883 I
1245 1855 1275 1891 2,
1291 1855 1332 1884 21
1351 1863 1386 1895 p.
1401 1856 1445 1885 29

108 1895 171 1939 al.)
196 1894 288 1929 Vitr.
315 1895 331 1928 I
357 1898 376 1928 6
410 1895 490 1929 Sen.
518 1908 551 1928 n.
578 1908 612 1939 q.
634 1895 666 1929 V
688 1900 729 1929 16
745 1908 796 1940 sq.
823 1895 916 1929 Plin.
944 1896 977 1929 II
997 1900 1051 1939 47,
1074 1901 1138 1930 119
1155 1909 1232 1942 sqq.
1254 1897 1371 1932 XVIII
1390 1902 1445 1941 34,

110 1945 176 1975 333
192 1954 268 1986 sqq.
292 1942 380 1976 Suet
403 1942 481 1976 rell.
498 1944 579 1986 (124
591 1945 700 1987 sqq.;)
718 1947 781 1976 151
798 1944 835 1976 et
848 1955 880 1986 p.
898 1947 964 1977 304
977 1944 1104 1988 squ.
1128 1944 1233 1988 Apul.
1250 1945 1294 1979 de
1308 1946 1445 1980 mundo

111 1993 152 2022 11
169 2001 246 2033 sqq.
272 1989 401 2033 Veget.
422 1989 472 2023 IV
492 1993 535 2023 38
561 1989 653 2023 Non.
675 1990 690 2024 I
710 2002 742 2033 p.
765 1993 820 2032 50,
843 1993 884 2023 16
911 1991 1052 2034 Ampel.
1074 1996 1094 2025 4
1109 2003 1160 2034 sq.
1187 1991 1310 2035 Lydus
1330 2004 1444 2027 mens.

108 2036 159 2069 IV
179 2039 221 2069 76
243 2038 337 2080 (119)
363 2037 447 2070 Isid.
468 2036 552 2070 ΧΠ]
567 2041 607 2070 11
630 2036 739 2080 (Serv.
755 2036 803 2081 pl.
819 2049 851 2082 g.
868 2037 918 2070 IV
933 2042 999 2071 298
1014 2038 1124 2072 schol.
1146 2039 1231 2073 Luc.
1246 2039 1295 2072 LX
1309 2044 1375 2074 412
1391 2052 1444 2085 sq.

110 2083 245 2117 Anecd.
268 2083 326 2117 Gr.
349 2086 385 2117 et
406 2083 464 2117 Gr.
486 2084 563 2118 Lat.
586 2084 640 2118 ed.
663 2084 757 2118 Rose
777 2084 793 2117 Ι
812 2096 845 2128 p.
869 2088 911 2117 ‘27
933 2097 1028 2129 sqq.3
1051 2089 1093 2119 53
1109 2088 1201 2130 sqq.)

203 2203 223 2234 3
248 2201 422 2235 uideatur
433 2205 459 2234 P
477 2201 674 2235 videbatur
690 2202 792 2247 Mdy.
805 2202 818 2247 11
832 2206 851 2236 6
878 2202 1003 2236 stellas
1018 2203 1075 2238 Sk.
1089 2203 1101 2249 11
1115 2207 1134 2237 9
1156 2203 1382 2248 appellatiue
1396 2208 1422 2238 P
1434 2205 1446 2250 11

112 2250 153 2281 13
178 2248 260 2290 fort.
280 2250 374 2292 post.
397 2248 615 2295 (positum)
639 2249 642 2294 1
666 2250 721 2282 661
745 2250 865 2283 visum
884 2250 982 2284 Lion
1001 2252 1012 2294 11
1033 2254 1075 2284 15
1101 2261 1179 2285 6666
1201 2251 1328 2286 Carrio
1349 2254 1446 2286 esset

109 2296 151 2327 ut
165 2308 191 2327 ω
206 2297 311 2339 esset,
327 2306 420 2339 quae
438 2296 500 2330 Gr.
510 2310 522 2338 ;
534 2297 560 2339 f.
577 2307 655 2330 esse
669 2298 756 2330 tunc
771 2296 774 2342 1
787 2296 1002 2330 uiderentur
1015 2301 1076 2330 PV
1086 2297 1097 2343 11
1108 2302 1151 2331 25
1166 2299 1276 2343 66661]
1291 2299 1405 2332 etiam
1415 2302 1446 2332 R
