1617 2484
684 72 733 106 III
760 77 797 115 23
825 76 844 105 3
1359 75 1438 115 149

99 178 178 219 His
206 179 315 219 enim
344 179 532 220 versibus
560 180 743 233 oblique,
776 181 899 222 sicuti
927 181 1026 234 dixi,
1054 181 1278 222 admonere
1305 183 1439 223 voluit
1456 194 1496 222 ιν,

99 236 227 290 diem,
265 252 388 291 quem
426 237 606 279 Romani
649 239 844 280 ‘civilem'
885 241 1222 294 appellaverunt,
1261 255 1283 281 a
1323 245 1440 282 sexta

97 297 233 337 noctis
266 295 370 337 hora
402 297 513 338 oriri.

737 390 800 432 III

61 482 77 506 5
98 471 151 504 De
166 471 359 505 noscendis
375 471 684 516 explorandisque
703 472 823 506 Plauti
839 473 1049 515 comoediis,
1071 475 1245 517 quoniam
1260 474 1439 518 promisce

144 529 250 553 verae
287 520 398 562 atque
430 518 547 552 falsae
580 519 728 553 nomine
761 519 838 553 eius
872 519 1071 564 inscriptae
1104 520 1288 561 feruntur3
1327 522 1438 565 atque

143 565 248 607 inibi,
269 566 368 610 quod
389 565 542 599 Plautus
564 568 600 600 et
613 566 773 600 Naevius
795 566 831 599 in
853 577 997 600 carcere
1018 567 1164 601 fabulas
1183 568 1436 611 scriptitarint.

185 648 343 690 Verum
366 664 455 690 esse
475 650 724 703 comperior,
744 651 857 703 quod
878 651 1078 703 quosdam
1104 652 1208 692 bene
1229 652 1438 693 litteratos

94 707 287 749 homines
316 709 452 749 dicere
478 709 632 761 audivi,
658 710 729 761 qui
757 709 978 762 plerasque
1004 709 1174 750 Plauti
1201 711 1438 751 comoedias

42 785 74 809 10
95 767 257 807 curiose
289 770 415 820 atque
445 770 641 808 contente
668 768 924 820 lectitarunt,
956 782 1042 808 11011
1069 769 1277 809 indicibus
1303 769 1438 810 Aelii

93 826 150 878 (p.
169 829 236 876 36,
256 829 309 866 16
331 827 436 880 Me.)
463 840 539 867 nec
566 825 785 881 Sedigiti
812 841 889 867 nec
915 826 1114 867 Claudii
1141 842 1217 868 nec
1240 827 1438 869 Aurelii

93 898 170 925 nec
189 883 332 926 Accii
357 899 434 926 nec
454 884 654 925 Manilii
681 900 807 938 super
831 886 897 926 his
920 886 1088 939 fabulis,
1115 901 1220 939 quae
1242 887 1439 928 dicuntur

95 943 362 999 ‘ambiguae',
403 944 677 997 crediturum,
716 944 787 984 sed
825 945 906 998 ipsi
944 943 1125 986 Plauto
1164 945 1437 998 moribusque

93 1002 237 1057 ingeni
281 1005 408 1056 atque
451 1003 622 1057 linguae
661 1003 759 1043 eius.
828 1002 920 1043 Hac
958 1004 1069 1044 enim
1108 1004 1252 1044 iudicii
1290 1018 1438 1044 norma

41 1077 72 1102 15
92 1059 368 1102 Varronem
402 1075 570 1114 quoque
603 1076 724 1101 usum
758 1062 958 1102 videmus.
1014 1061 1123 1102 Nam
1152 1065 1317 1116 praeter
1343 1063 1436 1103 illas

92 1133 218 1160 unam
265 1123 306 1161 et
349 1120 519 1175 viginti,
564 1134 670 1172 quae
710 1119 1027 1161 ‘Varronianae’
1067 1124 1287 1173 vocantur,
1332 1136 1436 1174 quas

93 1178 248 1219 idcirco
293 1194 316 1219 a
360 1179 509 1219 ceteris
554 1179 810 1233 segregavit,
860 1180 1060 1232 quoniam
1106 1180 1306 1220 dubiosae
1351 1195 1436 1220 non

93 1241 229 1290 erant,
267 1240 331 1278 set
362 1252 569 1278 consensu
602 1238 790 1278 omnium
823 1237 992 1279 Plauti
1025 1253 1114 1279 esse
1146 1239 1436 1291 censebantur,

93 1296 294 1348 quasdam
321 1296 422 1337 item
450 1296 552 1336 alias
580 1296 776 1349 probavit
801 1297 1006 1338 adductus
1033 1298 1105 1338 filo
1132 1300 1258 1350 atque
1284 1298 1435 1338 facetia

40 1371 73 1396 20
94 1355 297 1395 sermonis
335 1354 516 1396 Plauto
561 1355 832 1409 congruentis
877 1370 1029 1409 easque
1069 1357 1153 1396 iam
1192 1357 1434 1397 nominibus

92 1411 271 1453 aliorum
323 1416 548 1467 occupatas
598 1412 778 1454 Plauto
829 1415 1075 1467 vindicavit,
1125 1415 1249 1456 sicuti
1299 1416 1435 1467 istam,

93 1485 217 1524 quam
257 1473 498 1526 nuperrime
530 1472 793 1527 legebamus,
831 1474 898 1514 cui
930 1477 994 1514 est
1025 1487 1181 1514 nomen
1212 1473 1433 1515 Beeotia.

90 1528 201 1571 Nam
229 1544 324 1571 cum
350 1532 395 1571 in
420 1531 505 1571 iuis
530 1545 614 1571 una
641 1534 682 1572 et
707 1532 859 1586 viginti
885 1546 971 1572 non
998 1533 1052 1573 sit
1078 1535 1119 1573 et
1145 1547 1233 1573 esse
1258 1532 1434 1585 Aquili

93 1588 273 1642 dicatur,
315 1589 423 1630 nihil
466 1592 609 1630 tamen
646 1589 804 1630 Varro
850 1590 1076 1644 dubitavit,
1121 1592 1224 1644 quin
1264 1591 1434 1632 Plauti

38 1663 71 1689 25
90 1647 218 1701 foret,
260 1662 397 1701 neque
440 1647 548 1689 alius
593 1649 816 1702 quisquam
861 1663 947 1690 non
984 1650 1226 1702 infrequens
1264 1649 1434 1690 Plauti

90 1706 224 1747 lector
255 1707 522 1760 dubitaverit,
554 1707 589 1747 si
621 1707 687 1748 vel
719 1707 797 1747 hos
830 1708 950 1748 solos*
971 1723 1022 1748 ex
1048 1723 1095 1748 ea
1120 1708 1264 1749 fabula
1290 1722 1434 1749 versus

92 1765 350 1819 cognoverit,
376 1766 449 1819 qui
475 1766 675 1818 quoniam
702 1769 811 1818 sunt,
838 1769 885 1807 ut
911 1767 960 1807 de
986 1767 1100 1807 illius
1120 1766 1291 1807 Plauti
1317 1781 1433 1807 more

91 1823 246 1876 dicam,
282 1822 608 1876 Plautinissimi,
645 1827 868 1878 propterea
906 1828 947 1865 et
985 1825 1253 1865 meminimus
1290 1839 1359 1866 eos
1392 1829 1434 1866 et

91 1882 372 1936 ascripsimus.
435 1882 650 1923 Parasitus
688 1883 748 1923 ibi
781 1883 966 1924 esuriens
998 1884 1102 1924 haec
1134 1884 1236 1925 dicit
1266 1883 1434 1937 (Plauti

37 1957 72 1981 ,το
87 1941 142 1993 fr.
162 1954 196 1982 v.
216 1943 272 1982 21
296 1940 345 1982 G.
371 1941 511 1993 Aqm'l.
531 1955 566 1982 v.
586 1944 611 1982 1
630 1939 737 1994 R.3):

186 2060 228 2089 15
244 2067 320 2100 sqq.
349 2056 460 2090 Macr.
481 2055 515 2089 H
536 2060 565 2097 1,
589 2059 628 2089 11

185 2164 203 2194 7
244 2162 395 2204 plautus
432 2161 471 2195 in
508 2160 705 2205 pistrinum
743 2161 913 2204 (pistrino
953 2164 985 2206 σ)
1013 2174 1033 2200 ς
1056 2165 1060 2206 1
1084 2163 1339 2206 scriptitarent
1375 2167 1401 2196 P
1419 2164 1431 2208 Η

91 2211 133 2241 10
170 2207 349 2242 lectitarit
383 2209 446 2243 Gr.
468 2210 478 2251 ΙΙ
500 2212 540 2242 11
581 2207 745 2252 sedigitii
778 2208 856 2251 (-cii
882 2211 956 2253 PV)
989 2223 1016 2242 ω
1035 2211 1046 2253 Η
1068 2213 1110 2243 13
1149 2210 1369 2244 creditorum
1403 2223 1430 2243 ω

90 2265 180 2288 corr.
204 2255 266 2290 Gr.
292 2255 495 2289 credituros
517 2254 562 2299 ςΗ
578 2258 619 2288 19
645 2254 820 2298 probabit
840 2256 948 2294 021123
975 2256 1082 2290 Atilii
1102 2257 1324 2302 Popmaffl26
1352 2257 1430 2290 siue

89 2300 155 2335 hos
179 2314 205 2335 ω
231 2312 320 2337 corr.
343 2313 362 2336 σ
380 2304 391 2345 ΙΙ
412 2306 453 2336 27
480 2301 597 2345 ipsius
617 2302 810 2346 Scioppius
834 2301 908 2336 illis
931 2303 1034 2348 May.
1059 2306 1062 2347 1
1085 2302 1209 2337 Plauti
1235 2315 1299 2338 om.
1323 2314 1342 2337 6

1475 1014 1494 1044 2

1476 1073 1495 1101 3
