1617 2484
86 740 119 765 10

87 1034 119 1059 15

87 1327 120 1352 ‘20

88 1619 121 1645 25

767 66 779 97 Ι
807 70 849 98 *23
1428 66 1481 105 85

741 172 884 213 XXIII

139 252 228 293 Quis
253 252 364 286 fuerit
384 252 553 296 Papirius
573 252 848 294 Praetextatus3
876 263 971 295 quac
992 253 1098 286 istius
1120 263 1232 286 causa
1253 253 1484 295 cognomenti

187 299 514 379 sit31historiaque
544 299 616 333 ista
643 299 760 333 omnis
788 311 897 343 super
924 300 1051 334 eodem
1078 300 1227 343 Papirio
1255 300 1404 341 cognitu
1434 300 1487 333 iu-

188 357 318 380 cuma.

228 429 420 471 Historia
446 431 495 470 de
522 430 692 483 Papirio
720 429 990 471 Praetextato
1019 430 1130 471 dicta
1157 431 1397 483 scriptaque
1425 434 1487 471 est

139 504 162 529 a
188 487 242 529 M.
271 488 459 529 Catone
492 489 541 529 in
575 489 824 541 oratione,
856 503 938 541 qua
970 504 1070 530 usus
1104 492 1167 530 est
1205 490 1262 530 ad
1296 489 1486 529 milites

140 550 316 588 contra
361 546 568 588 Galbam
607 547 845 599 (XXXIX
874 547 953 600 J),
998 561 1092 588 cum
1138 548 1273 588 multa
1317 548 1485 600 quidem

139 609 359 647 venustate
403 609 530 659 atque
573 607 667 647 luce
708 609 834 659 atque
873 606 1081 647 munditia
1119 607 1355 647 verborum.
1424 606 1486 646 Ea

139 664 346 706 Catonis
386 665 512 706 verba
550 665 650 705 huic
687 679 859 718 prorsus
894 665 1198 705 commentario
1231 665 1488 717 indidissem,

140 724 175 765 si
215 724 313 764 libri
353 724 474 777 copia
511 723 661 764 fuisset
699 723 741 763 id
778 724 1001 777 temporis,
1046 737 1141 763 cum
1179 724 1283 764 haec
1321 723 1487 764 dictavi.

140 782 262 831 Quod
294 782 329 823 si
360 796 447 823 non
479 783 656 823 virtutes
690 782 1001 836 dignitatesque
1030 780 1269 834 verborum,
1302 783 1372 823 sed
1398 797 1486 822 reni

139 842 275 894 ipsam
315 841 420 882 scire
459 841 644 894 quaeris,
680 855 746 881 res
784 841 915 881 ferme
954 841 1006 881 ad
1043 841 1157 881 hunc
1196 841 1367 881 modum
1407 844 1487 881 est:

139 899 233 940 Mos
260 902 383 940 antea
410 900 675 941 senatoribus
698 899 859 940 Romae
884 900 966 939 fuit
992 900 1035 939 in
1063 899 1221 939 curiam
1250 913 1343 939 cum
1372 914 1488 952 prae-

139 958 311 999 textatis
344 958 442 999 filiis
475 959 660 999 introire.
718 957 839 1011 Tum,
872 971 966 998 cum
1000 958 1044 998 in
1077 960 1223 998 senatu
1256 972 1321 998 res
1354 958 1489 998 maior

141 1017 363 1070 quaepiam
404 1017 643 1058 consultata
681 1031 812 1069 eaque
850 1017 894 1057 in
930 1017 1039 1057 diem
1072 1019 1290 1069 posterum
1322 1017 1489 1069 prolata

140 1078 221 1128 est,
258 1076 436 1129 placuit,
473 1078 521 1116 ut
553 1090 645 1116 eam
676 1090 784 1127 rem,
819 1090 945 1129 super
977 1090 1059 1128 qua
1091 1075 1405 1127 tractavissent,
1436 1090 1488 1115 ne

140 1135 234 1188 quis
261 1135 511 1186 enuntiaret,
536 1134 782 1187 priusquam
811 1134 978 1174 decreta
1005 1136 1123 1174 esset.
1174 1133 1310 1174 Mater
1329 1133 1488 1186 Papirii

140 1193 272 1247 pueri,
305 1193 375 1245 qui
409 1207 504 1233 cum
537 1195 711 1245 parente
744 1206 819 1233 suo
849 1192 893 1232 in
920 1192 1035 1232 curia
1060 1192 1210 1244 fuerat,
1241 1195 1489 1245 percontata

141 1254 204 1293 est
241 1252 395 1304 filium,
434 1251 635 1304 quidnam
674 1251 718 1291 in
757 1254 905 1292 senatu
943 1254 1084 1303 patres
1120 1251 1315 1304 egissent.
1379 1250 1489 1290 Puer

140 1310 358 1364 respondit
396 1310 620 1350 tacendum
661 1324 750 1350 esse
781 1324 917 1362 neque
949 1310 991 1349 id
1024 1310 1105 1349 dici
1138 1310 1274 1349 licere.
1336 1308 1489 1349 Mulier

140 1370 189 1409 fit
227 1368 423 1409 audiendi
462 1368 671 1421 cupidior,
710 1371 917 1409 secretum
954 1368 1014 1408 rei
1047 1371 1089 1408 et
1121 1368 1335 1408 silentium
1370 1369 1488 1421 pueri

140 1428 329 1468 animum
362 1428 450 1467 eius
483 1428 535 1467 ad
566 1427 863 1479 inquirendum
898 1427 1130 1467 everberat:
1165 1427 1329 1479 quaerit
1358 1427 1489 1480 igitur

142 1486 423 1539 compressius
461 1486 783 1538 violentiusque.
852 1485 960 1525 Tum
999 1500 1104 1538 puer
1140 1488 1273 1525 matre
1311 1488 1488 1539 urgente

140 1545 271 1598 lepidi
308 1547 435 1597 atque
472 1544 614 1585 festivi
645 1544 853 1584 mendacii
886 1543 1110 1584 consilium
1144 1544 1267 1596 capit.
1330 1542 1487 1584 Actum

141 1603 186 1643 in
212 1605 359 1644 senatu
386 1602 504 1654 dixit,
529 1605 672 1643 utrum
699 1602 912 1643 videretur
936 1602 1083 1643 utilius
1111 1617 1245 1655 exque
1270 1603 1488 1655 republica

142 1676 249 1714 esse,
280 1676 443 1702 unusne
475 1664 523 1701 ut
555 1661 656 1702 duas
688 1675 841 1701 uxores
873 1661 1065 1713 haberet,
1097 1675 1151 1700 an
1182 1664 1230 1701 ut
1260 1675 1344 1701 una
1376 1661 1487 1714 apud

142 1719 246 1760 duos
278 1722 412 1772 nupta
444 1722 562 1760 esset.
625 1719 721 1759 Hoc
752 1720 825 1760 illa
856 1719 930 1759 ubi
962 1719 1140 1771 audivit,
1178 1719 1342 1759 animus
1377 1733 1486 1759 com-
1526 1729 1545 1758 9

142 1778 342 1831 pavescit,
368 1778 493 1818 domo
520 1778 735 1831 trepidans
762 1778 987 1832 egreditur,
1012 1778 1064 1817 ad
1091 1780 1249 1818 ceteras
1272 1781 1486 1818 matronas
1504 1788 1546 1818 10

142 1836 310 1890 perfert.
372 1835 502 1877 Venit
539 1836 591 1876 ad
629 1839 820 1877 senatum
854 1836 1057 1889 postridie
1089 1839 1272 1876 matrum
1304 1836 1486 1877 familias

240 1954 281 1984 13
296 1962 373 1993 sqq.
395 1950 506 1984 Macr.
527 1950 543 1983 Ι
564 1954 595 1993 6,
617 1955 658 1984 19
675 1962 751 1994 sqq.
773 1950 914 1994 (Polyb.
936 1950 985 1983 ΙΠ
1005 1953 1059 1992 20,
1082 1951 1116 1995 3)

238 2060 258 2089 8
278 2057 465 2089 uetustate
485 2056 534 2100 P}}
551 2059 592 2089 10
613 2057 735 2100 tempe
750 2055 820 2100 R¹}
835 2058 877 2088 13
899 2055 1001 2088 curia
1021 2068 1047 2089 co
1062 2055 1073 2101 }}
1088 2060 1131 2089 14
1157 2055 1352 2098 Tumque*
1343 2067 1382 2088 111
1399 2056 1478 2091 Gr.
1477 2056 1488 2101 1

145 2106 188 2136 16
207 2102 423 2146 placuitque
445 2102 546 2147 ς118
573 2103 679 2146 patre
698 2102 807 2147 31121
831 2101 1021 2136 silentium
1041 2101 1168 2136 deberi
1186 2113 1278 2146 puer
1299 2102 1487 2136 affirmans

145 2148 309 2183 animum
328 2150 350 2194 β
369 2151 380 2193 11
400 2152 443 2183 25
470 2153 602 2192 exeqre
622 2149 659 2182 P
680 2152 710 2182 V
729 2148 924 2192 magisque
944 2159 963 2181 6
981 2159 1056 2192 rep
1081 2150 1199 2184 Macr.
1221 2152 1232 2193 11
1252 2153 1294 2183 27
1323 2149 1444 2183 animo
1466 2150 1488 2193 β

145 2196 263 2230 Macr.
285 2197 296 2239 11
316 2199 359 2229 29
385 2195 534 2240 perfert.
579 2195 692 2230 Venit
718 2196 827 2230 Klotz
852 2195 1023 2238 peruenit
1049 2208 1075 2229 ω
1101 2196 1278 2239 pervenit.
1319 2195 1350 2229 it
1377 2196 1485 2229 1111113.

142 2243 331 2276 matronas
359 2242 478 2276 defert
503 2242 601 2285 quod
628 2241 807 2276 audierat.
853 2242 1074 2285 perueniunt
1099 2244 1121 2288 β
1144 2242 1265 2276 adfert
1289 2242 1488 2286 postridie-

144 2299 216 2331 que
243 2289 290 2322 ad
316 2300 341 2322 s.
371 2289 542 2333 copiosae
567 2301 613 2323 m.
641 2288 665 2322 f.
693 2290 861 2323 catervae
888 2288 1076 2323 confluunt
1104 2291 1221 2324 ῘΙΙασν.
