1617 2484
590 65 858 101 PRAEFATIO
1296 64 1390 98 XVII

53 184 208 221 nomine
241 182 409 219 auctoris
443 182 482 217 et
513 192 625 229 saepe
660 179 750 216 libri
782 190 935 227 quoque
963 178 1217 226 inscriptione
1244 177 1394 222 allatis,

53 243 142 280 aliis
176 241 334 290 quidem
365 240 459 277 locis
490 240 573 276 eius
604 239 849 276 honestatem
880 237 1074 285 fidemque
1105 237 1219 284 quasi
1251 236 1393 273 colluc-

54 303 183 339 tantes
221 300 396 337 videmus
435 311 521 336 cum
559 299 681 346 ipsius
719 296 917 334 doctrinae
956 294 1211 333 ostentandae
1247 295 1395 332 studio:

55 371 293 409 quamquam
326 370 403 395 11011
434 358 572 394 reticet
604 358 798 403 auctores,
837 368 900 393 eos
932 357 1137 403 tamquam
1169 356 1258 402 post
1289 356 1395 391 tran-

55 431 215 457 sennam
252 419 399 467 positos
436 418 519 453 tam
557 415 683 453 obiter
719 416 1014 460 commemorat,
1053 415 1097 450 ut
1127 414 1203 451 nisi
1234 415 1396 450 intentis

55 478 177 516 oculis
208 477 379 514 intuenti
408 487 486 513 11011
516 475 718 523 prodeant.
776 474 975 511 Interdum
1004 476 1136 510 tamen
1162 472 1311 510 silendo
1338 485 1395 509 ce-

55 537 250 584 landoque
276 548 320 572 eo
346 533 606 584 progreditur,
633 535 676 570 ut
702 534 816 582 plane
843 533 949 570 fonte
975 533 1133 580 proprio
1159 533 1198 569 et
1220 533 1396 580 proximo

31 594 260 646 'suppresso
298 596 437 632 testem
474 607 514 630 re
554 606 644 630 vera
682 605 704 629 a
742 605 781 630 se
819 593 989 629 alienum
1025 593 1152 637 vocet,
1190 590 1293 639 quod
1326 592 1397 627 1111-

54 656 192 704 primis
229 654 290 700 fit,
328 655 361 691 si
398 665 443 690 ex
481 651 774 699 coaequalibus,
813 663 978 699 quorum
1014 651 1182 687 sermoni
1214 652 1252 686 et
1284 649 1396 687 disci-

55 715 186 763 plinae
217 713 322 750 haud
354 713 526 762 gravate,
559 711 669 748 libris
701 723 859 759 perraro
892 723 961 747 sua
987 709 1125 746 debere
1151 709 1274 746 videri
1301 709 1397 754 vult,

55 774 198 811 hausit.
266 772 405 819 Itaque
449 783 536 808 cum
575 769 701 807 Gellio
740 771 780 806 in
819 768 1023 806 afferendis
1060 768 1234 805 fontibus
1273 769 1398 805 maior

56 844 175 881 quam
204 832 340 869 ceteris
366 830 445 867 fere
472 829 649 867 omnibus
676 828 769 866 fides
796 829 858 874 sit,
890 830 1022 865 tamen
1048 829 1088 864 in
1114 826 1398 877 investigandis

56 892 138 929 eius
181 892 283 928 veris
321 888 494 927 fontibus
532 888 706 926 salebrae
744 900 821 924 11011
859 887 1009 924 desunt.
1077 886 1179 923 Nam
1217 888 1397 934 quamvis

56 951 193 1000 negari
224 951 392 997 nequeat
428 948 541 985 illum
572 960 703 985 omnes
735 947 823 984 illos
855 947 1062 993 scriptores
1095 946 1399 993 antiquissimos,

57 1009 225 1055 Livium,
254 1008 458 1053 Naevium,
484 1007 666 1053 Ennium,
692 1005 892 1052 Laevium,
920 1004 1117 1051 Catonem,
1145 1004 1398 1050 Tuberonem,

58 1067 371 1117 Quadrigarium,
404 1066 501 1104 alios
527 1066 677 1115 legisse,
709 1068 840 1102 tamen
865 1065 982 1111 locos,
1007 1064 1053 1100 de
1079 1063 1219 1111 quibus
1245 1064 1399 1111 copiose

57 1128 98 1164 et
134 1127 244 1164 docte
283 1125 475 1174 disputat,
512 1137 697 1173 persaepe
731 1136 808 1161 non
841 1135 885 1159 ex
916 1123 1075 1160 illorum
1106 1123 1201 1170 ipsis
1233 1123 1400 1170 scriptis,

57 1186 125 1224 sed
150 1198 193 1223 ex
219 1186 478 1234 interpretum
498 1184 787 1221 commentariis
808 1183 1230 1232 grammaticorumque
1250 1181 1400 1219 artibus

58 1245 290 1293 desumpsit,
325 1243 465 1292 quibus
496 1243 559 1280 hic
590 1243 672 1280 illic
704 1255 823 1278 unum
856 1242 1072 1278 alterumve
1104 1240 1323 1288 exemplum
1355 1252 1399 1277 ex

57 1305 137 1342 suis
169 1303 360 1341 schedulis
393 1302 545 1339 adiecit.
602 1301 709 1338 Idem
742 1301 889 1338 factum
915 1302 974 1337 est
998 1301 1039 1336 in
1065 1299 1245 1347 operibus
1273 1311 1400 1348 gram-

58 1364 302 1409 maticorum,
334 1362 545 1407 rhetorum,
574 1360 905 1408 philosophorum,
931 1358 1307 1403 iurisconsultorum,
1333 1358 1400 1394 ubi

59 1434 137 1459 non
173 1433 261 1459 raro
300 1421 440 1470 spretis
477 1419 650 1457 fontibus
689 1431 803 1456 verae
841 1418 1091 1466 antiquitatis
1130 1418 1225 1454 satis
1262 1417 1401 1454 habuit

58 1481 258 1529 propiores
291 1480 397 1517 adire
429 1491 549 1527 exque
582 1479 629 1516 iis
662 1477 844 1524 delibare,
877 1489 976 1525 quae
1008 1477 1176 1525 speciem
1201 1475 1401 1517 doctrinae

59 1540 236 1578 vetustae
267 1551 359 1588 prae
392 1551 430 1576 se
462 1538 625 1585 ferrent,
657 1539 711 1583 ut,
744 1537 836 1573 dum
867 1538 950 1584 ipse
982 1548 1116 1583 sapere
1148 1534 1314 1579 videtur,
1346 1535 1402 1570 ibi

60 1611 137 1637 non
174 1599 251 1635 nisi
287 1598 414 1635 alieno
452 1597 594 1634 calleat
630 1597 798 1646 ingenio.
860 1595 968 1632 Tunc
1004 1607 1094 1631 vero
1125 1595 1281 1631 nostrae
1313 1606 1401 1630 con-

60 1657 275 1696 suetudinis
301 1668 490 1693 memores
516 1655 701 1692 libentius
728 1656 763 1692 ei
788 1656 955 1700 veniam,
981 1655 1014 1691 si
1040 1654 1154 1690 venia
1179 1654 1268 1702 eget
1286 1653 1404 1689 homo

61 1716 161 1754 alius
193 1716 280 1754 aevi
308 1716 551 1763 aliorumque
578 1715 697 1751 etiam
723 1715 763 1750 in
789 1726 829 1750 re
856 1714 1050 1750 litteraria
1076 1724 1228 1749 morum
1253 1712 1400 1761 legum-

61 1786 148 1824 que,
179 1774 369 1820 dabimus,
401 1786 499 1820 cum,
532 1785 630 1821 quae
663 1774 704 1810 in
735 1773 1013 1810 commentario
1046 1770 1215 1819 quodam
1241 1771 1402 1820 legerat,

61 1835 249 1882 scriptore
286 1834 370 1881 ipso
409 1832 585 1870 consulto
623 1832 683 1869 his
721 1834 766 1868 ut
803 1831 850 1868 ab
888 1832 973 1879 ipso
1011 1830 1175 1878 repertis
1209 1842 1300 1867 usus
1333 1831 1401 1866 est.

61 1893 164 1930 Nam
189 1904 257 1930 nos
284 1904 437 1940 quoque
464 1892 688 1940 saepissime
715 1890 968 1927 adnotatione
992 1890 1217 1937 interpretis
1238 1889 1403 1926 alicuius

62 1951 125 1989 vel
154 1951 360 2001 lexicologi
391 1950 583 1987 admoniti
614 1962 691 1987 non
722 1949 945 1986 dubitamus
976 1948 1036 1985 his
1068 1950 1113 1984 ut
1142 1948 1243 1984 bono
1269 1948 1403 1985 nostro

61 2011 138 2057 uti,
176 2010 383 2047 dummodo
420 2010 524 2047 locos
559 2009 700 2046 allatos
732 2009 808 2057 ipsi
838 2008 1117 2056 inspexerimus
1149 2019 1291 2055 eosque
1322 2018 1403 2043 esse

62 2081 173 2107 veros
199 2071 389 2117 aptosque
414 2069 601 2116 primario
627 2068 728 2104 fonti
754 2067 951 2104 adstantes
971 2066 1288 2103 intellexerimus.
1341 2064 1403 2101 Sic

62 2127 167 2176 quod
196 2128 319 2164 tradit
344 2127 362 2163 I
393 2130 440 2164 11
476 2127 522 2164 de
546 2126 943 2164 Lacedaemoniorum
974 2125 1218 2178 aliorumque
1250 2136 1323 2161 usu
1354 2125 1403 2160 ti-

66 2267 376 2306 13316—1e;2·2
404 2262 437 2297 V
459 2267 565 2304 1—5;
592 2266 624 2304 9,
644 2267 681 2302 53
712 2266 770 2303 10;
800 2266 858 2304 12;
888 2265 947 2303 15;
971 2265 1012 2295 16
1039 2261 1105 2294 XV
1125 2263 1403 2302 3;7,1—2;9;

66 2313 745 2353 11313-16318320321;2‘2;28.

135 2376 277 2401 Gmmxvs
297 2376 342 2402 ed.
364 2376 507 2401 Hosius
1169 2366 1192 2399 l)
