1617 2484
702 81 715 114 Ῑ
745 86 802 124 12;
835 88 873 116 13
1405 93 1457 132 67

208 182 427 225 Praeterea
458 186 507 226 in
540 192 916 232 commentariis
946 193 1214 249 Labeonis,
1247 212 1371 250 quae
1404 201 1520 242 adm

118 241 378 283 duodecim
407 245 608 287 tabulas
629 248 749 301 (VJ)
776 254 1063 304 composuit
1082 257 1151 306 (fr.
1167 256 1462 312 241121322),

117 300 176 340 ita
215 302 414 355 scriptum
456 307 535 345 est:
574 305 730 360 Virgo
764 308 987 351 Vestalis
1020 327 1178 366 neque
1211 313 1353 357 heres
1387 323 1461 358 est

116 360 345 412 cuiquam
380 363 645 417 intestato,
677 381 836 419 neque
868 370 1144 413 intestatae
1177 375 1460 430 quisquam,

79 434 93 457 5
115 419 197 458 sed
235 419 364 460 bona
391 422 496 462 eius
523 423 572 463 in
598 425 855 477 publicum
884 429 1047 483 redigi
1073 432 1224 472 aiunt.
1283 433 1334 474 ld
1362 450 1458 488 quo

115 477 222 517 iure
254 478 366 532 fiat,
399 483 670 532 quaeritur.

201 535 384 578 ‘Amata’
426 540 537 581 inter
574 543 819 595 capiendum
862 561 885 585 a
924 549 1123 599 pontifice
1163 552 1346 593 maximo
1386 566 1514 607 ap-19

112 595 311 649 pellatur,
352 600 571 653 quoniam,
609 615 715 653 qua-e
754 604 890 655 prima
929 610 1052 659 capta
1089 612 1169 662 est,
1207 609 1289 650 hoc
1325 613 1455 653 fuisse

110 667 263 695 nomen
295 657 495 698 traditum
530 662 602 700 est.

59 758 92 782 10
731 749 833 791 XIII

108 815 322 857 Quaesitum
349 830 427 854 esse
453 820 491 854 in
516 821 764 868 philosophia,
791 827 968 868 quidnam
996 828 1091 863 foret
1118 830 1154 863 in
1179 834 1327 875 recepto
1349 844 1451 867 man-

154 864 241 898 dato
274 866 426 909 rectius,
458 867 545 902 idne
577 871 725 905 omnino
758 872 895 915 facere,
930 876 1028 918 quod
1054 878 1272 911 mandatum
1299 882 1370 922 est,
1403 892 1450 914 an

152 922 428 956 nonnumquam
461 915 573 949 etiam
606 920 750 961 contra,
784 920 812 952 si
847 920 885 954 id
919 933 1041 965 speres
1074 924 1124 966 ei,
1158 925 1221 967 qui
1247 927 1449 971 mandavit,

151 958 279 993 utilius
313 960 408 1003 f0re3
442 973 623 1006 superque
644 975 688 999 ea
714 968 931 1008 quaestione
959 971 1148 1013 expositae
1176 972 1342 1007 diversae
1369 985 1450 1009 sen-

53 1015 84 1038 15
154 1006 304 1040 tentiae.

191 1078 239 1119 In
273 1080 423 1121 officiis
456 1083 688 1138 capiendis,
720 1088 936 1128 censendis
969 1090 1306 1147 judicandisque,
1339 1109 1446 1147 quae
1487 1108 1502 1137 1

101 1140 397 1191 καθήκοντα
430 1140 675 1196 philosophi
708 1147 936 1200 appellant,
969 1151 1112 1201 quaeri
1146 1153 1265 1205 solet,
1297 1168 1348 1194 an
1376 1169 1445 1195 ne-

100 1197 218 1249 gotio
250 1198 329 1238 tibi
356 1199 453 1239 dato
481 1203 533 1252 et,
567 1203 664 1254 quid
695 1205 867 1245 omnino
892 1206 1063 1259 faceres,
1096 1209 1269 1251 definito
1297 1216 1445 1254 contra

100 1255 202 1307 quid
233 1256 369 1297 facere
403 1258 566 1313 debeas7
601 1262 635 1301 si
668 1276 716 1302 eo
749 1263 861 1304 facto
894 1266 1025 1307 videri
1059 1269 1193 1321 possit
1225 1285 1289 1310 res
1323 1286 1443 1313 even-

45 1330 79 1354 ρο
98 1317 192 1354 tura
224 1317 465 1369 prosperius
499 1333 633 1372 exque
666 1322 850 1363 utilitate
882 1325 989 1378 eius,
1027 1327 1099 1378 qui
1132 1328 1174 1368 id
1205 1329 1285 1369 tibi
1316 1345 1442 1386 nego-

97 1373 204 1413 tium
237 1375 462 1417 mandavit.
519 1376 687 1432 Anceps
720 1383 911 1433 quaestio
945 1386 986 1424 et
1017 1385 1061 1425 in
1093 1389 1316 1441 utramque
1348 1405 1439 1443 par—

96 1434 181 1471 tem
214 1447 238 1472 a
269 1435 546 1486 prudentibus
579 1438 679 1478 viris
711 1440 914 1482 arbitrata
946 1446 1018 1484 est.
1078 1443 1186 1486 Sunt
1215 1448 1327 1488 enim
1353 1464 1439 1491 non
1477 1462 1497 1491 3

96 1491 230 1544 pauci,
263 1493 335 1545 qui
368 1496 619 1536 sententiani
653 1512 768 1538 suani
803 1515 886 1540 una
918 1502 961 1541 in
994 1506 1112 1555 parte
1145 1505 1368 1548 defixerint
1397 1512 1439 1550 et

94 1563 137 1590 re
164 1552 292 1591 semel
319 1555 476 1594 statuta
502 1555 814 1610 deliberataque
843 1560 895 1600 ab
923 1575 984 1613 eo,
1017 1563 1136 1603 cuius
1155 1564 1197 1604 id
1217 1567 1435 1620 negotium

41 1623 72 1648 25
94 1609 444 1664 pontificiumque
471 1617 591 1667 esset,
616 1629 883 1669 nequaquam
910 1622 1154 1672 putaverint
1180 1627 1326 1665 contra
1351 1626 1435 1667 dic-

92 1670 182 1707 tum
233 1669 321 1709 eius
369 1685 457 1711 esse
499 1672 757 1728 faciendmn,
806 1677 970 1718 etiamsi
1015 1682 1258 1733 repentinus
1302 1684 1434 1737 aliqui

92 1739 211 1766 casus
237 1742 324 1768 rem
352 1731 613 1772 commodius
640 1734 708 1787 agi
735 1748 858 1787 posse
884 1738 1167 1792 polliceretur,
1192 1755 1257 1794 ne,
1283 1743 1317 1783 si
1338 1757 1433 1796 spes

90 1784 326 1840 fefellisset,
370 1789 494 1842 culpa
537 1791 811 1844 inpatientiae
856 1798 897 1835 et
934 1810 1071 1849 poena
1108 1798 1431 1853 indeprecabilis

90 1844 306 1885 subeunda
344 1850 470 1900 esset,
508 1850 541 1889 si
574 1865 638 1890 res
670 1852 779 1892 forte
812 1854 962 1894 melius
995 1857 1207 1911 vertisset,
1245 1859 1308 1900 dis
1341 1862 1430 1914 qui—
1468 1873 1488 1902 4

35 1918 69 1942 30
89 1902 182 1943 dem
209 1905 345 1958 gratia
370 1905 574 1961 habenda,
607 1910 677 1949 sed
704 1913 943 1964 exemplum
971 1916 1113 1956 tamen
1138 1916 1428 1961 intromissum

88 1961 310 2016 videretur,
342 1978 425 2017 quo
459 1966 564 2007 bene
590 1970 783 2009 consulta
809 1972 985 2012 consilia
1010 1974 1214 2029 religione
1241 1979 1428 2020 mandati

87 2020 225 2061 soluta
251 2028 628 2077 corrumperentur.
679 2026 766 2068 Alii
793 2030 1140 2074 existimaverunt
1159 2035 1427 2079 incommoda
1464 2049 1484 2079 5

1479 1402 1498 1431 N>

181 2127 222 2158 17
255 2125 325 2160 Cic.
354 2127 399 2161 de
428 2128 487 2163 fin.
509 2128 557 2162 HI
578 2134 608 2173 6,
631 2134 674 2164 20
701 2131 759 2165 off.
781 2132 797 2165 Ι
817 2136 847 2168 3.
870 2137 890 2167 8
917 2134 964 2168 ad
984 2135 1058 2170 Att.
1082 2136 1165 2171 XVI
1187 2144 1240 2181 11,
1262 2144 1300 2183 4;
1329 2145 1382 2184 147
1403 2146 1423 2175 3

85 2169 173 2204 CGL
193 2171 259 2205 VH
283 2177 322 2206 17

177 2269 197 2298 5
223 2266 277 2312 in]
304 2279 325 2304 ς
351 2279 414 2303 om..
444 2282 470 2302 ω
490 2271 501 2313 Η
521 2273 541 2304 8
568 2281 596 2305 e.
616 2271 657 2305 'ei
684 2272 753 2307 hoe
781 2274 842 2308 Gr.
864 2277 875 2318 Η
895 2279 914 2309 9
940 2278 1088 2313 nomine
1115 2290 1136 2316 ς
1159 2282 1162 2323 Ι
1185 2281 1325 2315 tradita
1344 2283 1390 2315 V¹
1410 2283 1423 2326 Η

85 2314 126 2344 22
161 2312 348 2348 abstracta
373 2316 419 2348 V¹
439 2318 450 2360 Η
470 2320 513 2350 25
540 2318 800 2363 opificiumque
826 2322 882 2357 Sk.
904 2325 915 2367 Η
935 2326 978 2357 28
1004 2325 1291 2371 impar(i)entiae
1316 2330 1421 2364 multi

1160 2385 1206 2418 5*
