1611 2474
137 67 219 108 156
726 66 776 101 ΙΠ
802 71 838 110 7;
866 72 886 101 s

133 175 283 216 vavit.
341 173 433 216 Sed
462 175 591 215 idem
619 175 940 216 benefactum
968 189 1062 228 quo
1090 175 1140 215 in
1164 176 1276 217 loco
1304 189 1480 229 ponas,

133 233 342 274 nimium
393 233 620 274 interest.
693 233 941 274 Leonides
984 233 1133 287 Laco,
1184 234 1268 287 qui
1312 234 1479 276 simile
1549 234 1560 242 ”

133 292 263 346 apud
295 291 662 345 Thermopylas
700 292 842 345 fecit,
879 296 1090 346 propter
1121 293 1226 333 eius
1259 293 1479 334 virtutes

135 351 295 391 omnis
346 348 557 391 Graecia
607 351 822 405 gloriam
872 354 1022 404 atque
1071 352 1288 406 gratiam
1339 366 1479 405 prae-

135 410 331 463 cipuam
389 409 716 450 claritudinis
766 410 1128 451 inclitissimae
1178 411 1478 451 decoravere

133 468 490 509 monumentis:
536 468 717 522 signis,
761 469 966 522 statuiS,
1004 469 1206 523 elogiis,
1243 468 1478 509 historiis

133 527 352 580 aliisque
391 526 540 567 rebus
575 527 923 581 gratissimum
956 527 1004 567 id
1037 528 1143 568 eius
1174 528 1364 569 factum
1395 527 1480 568 ha—

134 586 302 639 buere3
341 588 390 626 at
427 585 633 626 tribuno
672 585 892 626 militum
931 600 1084 639 parva
1115 587 1226 626 laus
1258 600 1346 639 pro
1378 586 1480 626 fac-

132 644 199 685 tis
237 644 438 697 relicta,
476 644 560 697 qui
599 644 727 685 idem
765 644 957 685 fecerat
994 648 1145 698 atque
1179 660 1280 685 rem
1314 659 1479 685 serva-

133 706 288 744 verat

73 773 118 803 ⁴20
222 761 345 803 Hanc
372 761 418 811 Q.
446 760 613 803 Caedici
644 762 806 802 tribuni
837 762 1038 803 virtutem
1064 761 1119 802 M.
1147 760 1267 803 Cato
1300 762 1376 803 tali
1402 776 1478 802 suo

74 832 115 862 21
132 820 378 861 testimonio
406 821 630 862 decoravit.
683 819 924 861 Claudius
950 824 1091 861 autem
1114 820 1478 875 Quadrigarius

133 880 304 920 annali
341 879 496 920 tertio
531 880 601 932 (fr.
623 882 681 920 42
702 878 771 932 P.)
806 893 891 920 non
924 877 1118 920 Caedicio
1157 893 1313 920 nomen
1348 879 1480 920 fuisse

133 939 211 992 ait,
244 938 316 978 sed
346 937 538 979 Laberio.

754 1031 858 1072 VIII

132 1112 297 1146 Litterae
329 1112 487 1146 eximiae
517 1111 707 1145 consulum
735 1112 769 1146 C.
792 1112 954 1146 Fabricii
981 1114 1018 1146 et
1044 1112 1083 1153 Q.
1105 1113 1256 1147 Aemilii
1282 1113 1329 1147 ad
1354 1124 1479 1158 regem

180 1159 334 1203 Pyrrum
355 1170 377 1193 a
391 1158 430 1200 Q.
448 1158 601 1192 Claudio
623 1159 800 1203 scriptore
820 1158 1059 1193 historiarum
1076 1160 1114 1194 in
1128 1160 1343 1194 memoriam
1357 1161 1477 1194 datae.

103 1255 119 1284 1
227 1242 331 1283 Cum
358 1242 516 1297 Pyrrus
542 1258 615 1283 rex
642 1243 686 1283 in
711 1246 822 1284 terra
847 1242 972 1284 Italia
998 1247 1106 1284 esset
1133 1246 1174 1284 et
1199 1259 1326 1284 unam
1352 1247 1479 1298 atque

133 1303 308 1343 alteram
353 1316 517 1356 pugnas
562 1316 762 1355 prospere
806 1305 1037 1357 pugnasset
1081 1303 1265 1356 satisque
1305 1306 1480 1358 agerent

132 1360 315 1401 Romani
353 1363 395 1401 et
432 1361 632 1414 pleraque
664 1359 788 1401 Italia
825 1361 877 1401 ad
915 1375 1057 1416 regem
1091 1361 1350 1414 descivisset,
1386 1365 1477 1402 tum
1499 1378 1513 1402 2

131 1417 446 1460 Ambraciensis
474 1419 683 1472 quispiam
711 1418 996 1473 Timochares,
1023 1420 1133 1473 regis
1159 1419 1281 1473 Pyrri
1306 1420 1479 1474 amicus,

230 1539 246 1568 1
280 1534 427 1578 Vopisc.
450 1533 555 1567 Prob.
580 1537 597 1567 1
628 1533 789 1568 ‘Certum
817 1536 883 1577 est,
910 1535 1009 1577 quod
1036 1534 1233 1569 Sallustius
1261 1563 1267 1569 .
1291 1563 1296 1569 .
1325 1534 1415 1569 Cato
1442 1537 1480 1569 et

133 1580 274 1616 Gellius
300 1581 468 1615 historici
497 1581 704 1615 sententiae
729 1581 837 1615 modo
864 1582 902 1614 in
928 1581 1072 1615 litteras
1092 1582 1325 1624 rettulerunt,
1352 1593 1478 1616 omnes

133 1629 296 1662 omnium
315 1629 470 1662 virtutes
491 1629 616 1662 tantas
640 1639 731 1671 esse,
752 1630 910 1671 quantas
930 1629 1048 1662 videri
1069 1639 1130 1662 eas
1150 1629 1333 1663 voluerint
1352 1640 1478 1663 eorum

132 1675 301 1720 ingenia,
334 1675 397 1718 qui
423 1674 715 1717 uniuscuiusque
741 1674 841 1709 facta
868 1676 1146 1719 descripserint’
1176 1675 1238 1709 cfr.
1261 1680 1280 1709 2
1301 1677 1339 1710 et
1357 1676 1478 1720 Hege-

134 1723 227 1766 sipp.
256 1723 289 1756 b.
316 1721 393 1755 Iud.
422 1734 456 1766 p.
485 1725 552 1755 338
568 1733 618 1765 sq.
641 1722 697 1756 W.
845 1726 887 1756 18
903 1734 980 1766 sqq.
1015 1724 1131 1756 Amm.
1161 1722 1260 1756 XXX
1288 1727 1318 1766 1,
1346 1726 1389 1756 22
1421 1726 1478 1767 (ex

133 1769 266 1813 Gellio)
294 1768 365 1803 Cic.
393 1769 452 1802 fin.
480 1768 513 1801 V
539 1772 594 1811 22,
622 1772 665 1802 64
692 1768 750 1803 off.
777 1768 794 1802 I
821 1772 875 1811 13,
902 1773 946 1803 40
978 1769 1029 1802 ΙΙΙ
1055 1773 1110 1812 22,
1137 1773 1180 1803 86
1213 1770 1288 1803 Liv.
1316 1770 1404 1814 epit.
1435 1774 1476 1804 13

132 1816 249 1850 XXXV
270 1820 324 1858 45,
346 1820 365 1849 3
392 1815 543 1849 XXXIX
565 1820 620 1858 51,
642 1819 682 1849 11
710 1815 807 1849 XLH
827 1820 882 1858 47,
905 1821 924 1850 6
950 1816 1031 1850 Val.
1052 1816 1147 1850 Max.
1163 1816 1212 1850 V]
1233 1821 1265 1859 5,
1281 1821 1298 1850 1
1322 1816 1402 1851 Sen.
1419 1828 1474 1861 ep.

134 1866 241 1907 120,ss
257 1863 448 1907 (Frontin.)
462 1862 511 1896 IV
526 1867 558 1905 4,
574 1866 592 1895 2
613 1862 708 1896 Plut.
723 1863 846 1906 Pyrrh.
862 1867 902 1896 21
920 1863 1096 1907 apophth.
1109 1863 1215 1898 Fabr.
1227 1867 1265 1905 4;
1281 1868 1301 1897 5
1315 1864 1475 1908 Appian.

133 1910 254 1943 Samn.
277 1913 319 1943 21
347 1909 440 1943 Flor.
462 1909 477 1943 Ι
499 1913 553 1951 13,
574 1913 617 1943 21
644 1909 787 1944 Aelian.
808 1921 839 1943 V.
861 1910 894 1943 h.
910 1909 977 1943 XII
991 1914 1034 1943 33
1055 1910 1124 1944 Dio
1140 1910 1238 1944 Cass.
1254 1910 1417 1944 LXXVH
1433 1914 1475 1944 20

131 1957 217 1990 Aur.
245 1956 341 1990 Vict.
368 1968 399 1990 V.
427 1956 478 1991 ill.
508 1960 550 1990 35
580 1956 680 1990 Eutr.
707 1957 740 1990 H
768 1960 810 1990 14
838 1956 963 1990 Claud.
985 1957 1019 1990 b.
1042 1956 1137 1991 Gild.
1160 1961 1225 1991 271
1253 1957 1400 1992 Hieron.
1429 1957 1476 1991 ad

132 2003 270 2037 Parnm.
293 2014 348 2047 ep.
371 2007 427 2046 57,
449 2007 468 2036 3
497 2002 596 2037 Suid.
619 2015 645 2036 s.
667 2015 697 2036 v.
723 2002 922 2049 Φαβρίκιος
947 2004 1074 2038 Zonar.
1096 2003 1179 2037 VIH
1200 2008 1219 2037 5

226 2112 245 2141 2
271 2106 357 2142 lacu
376 2111 438 2141 Pv
457 2108 541 2141 lacn
561 2111 591 2140 R
610 2119 698 2142 corr.
724 2109 785 2143 Gr.
806 2109 808 2153 1
826 2109 916 2152 quid
936 2108 980 2141 P2
999 2109 1088 2151 quia
1108 2120 1133 2143 s.
1155 2110 1262 2143 DIms.
1285 2108 1476 2143 consimile

135 2156 197 2190 Gr.
212 2155 224 2200 Η
238 2159 257 2188 3
278 2155 513 2198 hermopylas
529 2155 627 2198 (-i]as
641 2157 680 2199 P)
695 2169 721 2188 ω
740 2156 742 2201 ff
760 2157 958 2199 propterea
978 2167 1006 2189 e.
1022 2155 1170 2189 virtutis
1186 2155 1289 2200 Mdy.
1303 2156 1314 2201 Η
1328 2159 1350 2189 4
1370 2166 1475 2199 prae—

132 2202 280 2246 cipuam
301 2201 503 2247 <rettulit>
523 2202 576 2236 vel
595 2203 673 2236 sim.
695 2202 815 2247 Beryk
834 2204 845 2246 Η
866 2206 884 2236 7
911 2203 1174 2247 grauissimum
1193 2206 1222 2235 V
1241 2204 1252 2246 Η
1272 2205 1292 2236 8
1315 2202 1374 2236 Ad
1392 2202 1474 2235 ΒΥ]

131 2249 163 2282 Α
183 2248 226 2281 P¹
245 2250 257 2292 Η
276 2251 295 2282 9
321 2259 397 2282 rem
419 2260 452 2292 p.
476 2259 496 2285 ς
515 2249 526 2291 Η
548 2252 588 2282 11
616 2247 785 2292 hancque
806 2262 832 2282 ω
852 2251 863 2293 Η
885 2253 927 2283 13
955 2249 1099 2283 annalis
1120 2263 1147 2283 ω
1170 2260 1258 2284 corr.
1281 2259 1302 2286 ς
1321 2251 1332 2293 Η
1354 2252 1396 2282 14
1422 2248 1475 2282 13-

130 2296 234 2330 uerio
255 2309 282 2329 ω
302 2297 313 2339 Η
334 2299 374 2329 21
404 2295 649 2329 Demochares
674 2297 789 2329 Am'm.

1499 719 1532 744 10

1499 1048 1532 1074 15
