1591 2474
150 43 205 84 26
559 44 793 79 CAPITVLA
819 45 905 79 LIB.
934 46 992 79 XI.
1020 46 1086 80 XII

232 150 313 191 XV
352 151 416 192 De
450 151 717 193 ‘ludibundo’
750 155 791 193 et
824 152 1092 194 ‘errabundo’
1123 156 1249 207 atque
1282 154 1324 195 id
1357 169 1490 210 genus

143 210 368 251 verborum
394 211 762 263 productionibus3
792 214 834 252 et
859 212 973 264 quod
998 211 1200 253 Laberius
1227 213 1286 253 sic
1314 213 1489 254 ‘amora-

144 268 345 309 bundam’
384 269 509 321 dixit,
547 272 595 309 ut
633 270 786 310 dicitur
825 270 1087 311 ‘ludibunda'
1126 273 1167 312 et
1204 270 1488 325 ‘errabunda’3

142 329 270 379 atque
296 327 412 380 im'big
440 328 553 380 quod
575 326 750 368 Sisenna
776 343 851 381 per
873 329 1164 370 huiuscemodi
1184 330 1359 371 verbum
1379 345 1489 371 nova

144 385 281 439 figura
313 400 413 426 usus
446 389 518 426 est.

228 448 330 490 XVI
373 449 495 498 Quod
529 448 782 491 Graecorum
821 451 1046 492 verborum
1080 453 1345 505 quorundam
1379 453 1487 494 diffi-

141 508 299 548 cillima
337 511 400 548 est
438 509 481 549 in
520 508 715 550 Latinam
753 509 945 564 linguam
983 511 1181 563 mutatio,
1219 513 1335 552 velut
1373 512 1487 565 quod

141 565 296 607 Graece
329 567 482 607 dicitur
513 569 932 622 πολυπραγμοσύνη.

227 630 350 671 XVII
393 630 503 679 Quid
543 632 753 687 significet
784 633 828 673 in
860 633 1072 674 veteribus
1104 636 1346 687 praetorum
1379 635 1487 675 edja-

142 690 214 729 tis:
249 689 337 742 ‘qui
369 690 549 731 flumina
580 691 755 731 retanda
786 691 956 744 publice
987 692 1203 746 redempta
1235 692 1420 733 habent.'

227 752 370 794 XVIII
420 753 511 802 Qua
555 769 691 808 poena
729 755 867 796 Draco
910 755 1177 797 Atheniensis
1221 756 1266 796 in
1306 758 1486 811 legibus,

140 826 244 864 quas
288 813 447 865 populo
486 811 758 854 Athensiensi
803 815 989 867 scripsit,
1032 815 1145 856 fures
1184 815 1402 870 adfecerit3
1445 819 1487 857 et

140 885 223 923 qua
261 874 408 924 postea
442 870 590 924 Solon3
629 875 670 913 et
708 886 790 925 qua
828 873 929 913 item
966 874 1190 914 decemviri
1222 875 1374 927 nostri,
1413 875 1486 927 qui

139 929 359 970 duodecim
398 930 564 971 tabulas
604 931 878 984 scripserunt3
917 933 1044 984 atque
1077 932 1181 972 inibi
1213 932 1485 986 adscriptum,

140 988 254 1040 quod
280 991 382 1041 aput
402 987 639 1043 Aegyptios
666 989 778 1030 furta
803 990 922 1030 licita
949 993 990 1031 et
1016 991 1220 1043 permissa
1247 994 1356 1043 sunt,
1382 995 1486 1045 aput

137 1045 493 1088 Lacedaemonios
526 1050 666 1088 autem
700 1062 795 1088 cum
829 1049 970 1089 studio
1004 1063 1172 1101 quoque
1204 1049 1415 1090 adfectata
1444 1053 1486 1091 et

137 1119 214 1157 pro
253 1105 452 1146 exercitio
492 1106 587 1146 utili
627 1106 853 1160 celebrata3
891 1121 940 1147 ac
977 1110 1192 1160 praeterea
1230 1107 1284 1148 M.
1313 1107 1484 1149 Catonis

140 1163 189 1204 de
220 1164 465 1217 poeniendis
498 1165 622 1205 furtis
656 1165 782 1219 digna
815 1166 1018 1206 memoria
1051 1167 1269 1207 sententia.

355 1312 670 1358 CAPITVLA
707 1313 878 1359 LIBRI
917 1313 1189 1360 DVODECI
1199 1315 1265 1360 MI

225 1402 245 1444 I
278 1403 530 1444 Dissertatio
557 1404 754 1445 Favorini
787 1405 1044 1458 philosophi,
1077 1420 1158 1458 qua
1191 1406 1323 1447 suasit
1348 1407 1483 1447 nobili

136 1462 329 1514 feminae,
360 1462 423 1502 uti
454 1463 622 1515 liberos,
655 1477 760 1516 quos
788 1464 1030 1517 peperisset,
1061 1478 1147 1505 non
1172 1465 1385 1505 nutricum
1413 1466 1482 1506 ad-

136 1520 379 1572 hibitarum,
412 1521 485 1561 sed
517 1535 592 1561 suo
627 1522 706 1561 sibi
738 1522 846 1562 lacte
879 1523 1018 1563 aleret.

224 1583 264 1624 II
305 1583 426 1633 Quod
458 1583 658 1626 Annaeus
686 1584 843 1626 Seneca
875 1587 1064 1627 iudicans
1098 1587 1147 1627 de
1174 1586 1219 1635 Q.
1241 1586 1381 1628 Ennio
1415 1588 1482 1628 de-

137 1657 218 1695 que
250 1642 303 1683 M.
331 1642 471 1683 Tullio
504 1644 586 1684 levi
619 1644 836 1697 futtilique
869 1645 1023 1685 iudicio
1056 1645 1146 1685 fuit.

224 1705 286 1747 III
323 1706 503 1748 Lictoris
536 1708 790 1748 vocabulum
824 1722 906 1761 qua
937 1710 1100 1750 ratione
1134 1712 1383 1763 conceptum
1418 1724 1482 1750 or-

137 1767 313 1818 tumque
345 1766 417 1819 sit3
450 1768 491 1806 et
523 1781 648 1820 super
680 1781 728 1807 eo
756 1767 943 1808 diversae
970 1768 1200 1808 sententiae
1227 1767 1354 1823 Valgi
1381 1768 1479 1809 Rufi

139 1826 181 1864 et
213 1823 326 1864 Tulli
357 1823 535 1864 Tironis.

224 1887 284 1927 IV
327 1887 484 1929 Versus
523 1890 684 1942 accepti
723 1904 773 1929 ex
807 1889 852 1938 Q.
880 1889 993 1930 Enni
1032 1891 1211 1944 septimo
1250 1891 1479 1943 annalium,

137 1946 290 2011 quibus
329 1947 572 2011 depingitui
603 1948 832 2012 finiturque
864 1949 1081 2003 ingenium
1115 1950 1374 2002 comitasque
1405 1949 1479 1990 ho-

138 2005 263 2044 minis
295 2005 470 2045 minoris
503 2020 602 2060 erga
634 2006 815 2046 amicum
849 2007 1119 2060 superiorem.

223 2067 264 2107 V
302 2067 448 2109 Sermo
480 2068 608 2110 Tauri
640 2069 884 2124 philosophi
918 2071 967 2112 de
998 2072 1123 2111 modo
1157 2073 1283 2124 atque
1314 2072 1478 2113 ratione

135 2127 341 2167 tolerandi
375 2127 532 2167 doloris
565 2129 794 2169 secundum
828 2127 1067 2170 Stoicorum
1101 2130 1275 2170 decreta.

223 2189 284 2231 VI
314 2190 378 2232 De
410 2192 658 2246 aenigmate.

223 2253 305 2295 VII
337 2254 471 2303 Quam
500 2254 749 2312 ochaiisam
772 2256 843 2297 Cn.
864 2257 1087 2298 Dolabella
1114 2258 1338 2311 proconsul
1363 2273 1479 2299 ream
