<?xml version="1.0" encoding="UTF-8"?>
<!DOCTYPE html PUBLIC "-//W3C//DTD XHTML 1.0 Transitional//EN"
    "http://www.w3.org/TR/xhtml1/DTD/xhtml1-transitional.dtd">
<html xmlns="http://www.w3.org/1999/xhtml" xml:lang="en" lang="en">
 <head>
  <title>
</title>
<meta http-equiv="Content-Type" content="text/html;charset=utf-8" />
  <meta name='ocr-system' content='tesseract 3.04.00' />
  <meta name='ocr-capabilities' content='ocr_page ocr_carea ocr_par ocr_line ocrx_word'/>
</head>
<body>
  <div class='ocr_page' id='page_1' title='image "./agelliinoctiumat01gelluoft_0283.png"; bbox 0 0 1617 2484; ppageno 0'>
   <div class='ocr_carea' id='block_1_1' title="bbox 727 51 1464 93">
    <p class='ocr_par' dir='ltr' id='par_1_1' title="bbox 727 51 1464 93">
     <span class='ocr_line' id='line_1_1' title="bbox 727 51 1464 93; baseline 0.014 -9"><span class='ocrx_word' id='word_1_1' title='bbox 727 51 758 84; x_wconf 83' lang='lat' dir='ltr'>v</span> <span class='ocrx_word' id='word_1_2' title='bbox 785 55 821 93; x_wconf 82' lang='lat'>5;</span> <span class='ocrx_word' id='word_1_3' title='bbox 849 55 868 85; x_wconf 85' lang='lat'><strong>6</strong></span> <span class='ocrx_word' id='word_1_4' title='bbox 1379 54 1464 93; x_wconf 78' lang='grc'>215</span> 
     </span>
    </p>
   </div>
   <div class='ocr_carea' id='block_1_2' title="bbox 92 158 1521 566">
    <p class='ocr_par' dir='ltr' id='par_1_2' title="bbox 92 158 1521 566">
     <span class='ocr_line' id='line_1_2' title="bbox 129 158 1520 202; baseline 0.001 -3"><span class='ocrx_word' id='word_1_5' title='bbox 129 173 176 199; x_wconf 91' lang='lat' dir='ltr'>ac</span> <span class='ocrx_word' id='word_1_6' title='bbox 220 159 320 199; x_wconf 87' lang='lat' dir='ltr'>satis</span> <span class='ocrx_word' id='word_1_7' title='bbox 364 173 452 199; x_wconf 88' lang='lat' dir='ltr'>esse</span> <span class='ocrx_word' id='word_1_8' title='bbox 498 158 698 199; x_wconf 83' lang='lat' dir='ltr'>Romanis</span> <span class='ocrx_word' id='word_1_9' title='bbox 742 158 845 200; x_wconf 85' lang='lat' dir='ltr'>haec</span> <span class='ocrx_word' id='word_1_10' title='bbox 889 159 1073 200; x_wconf 63' lang='lat' dir='ltr'>omniaP’</span> <span class='ocrx_word' id='word_1_11' title='bbox 1144 160 1252 201; x_wconf 88' lang='lat' dir='ltr'>Tum</span> <span class='ocrx_word' id='word_1_12' title='bbox 1297 160 1461 202; x_wconf 88' lang='lat' dir='ltr'>Poenus</span> <span class='ocrx_word' id='word_1_13' title='bbox 1501 173 1520 201; x_wconf 75' lang='lat'>5</span> 
     </span>
     <span class='ocr_line' id='line_1_3' title="bbox 129 217 1465 272; baseline 0.002 -15"><span class='ocrx_word' id='word_1_14' title='bbox 129 218 299 258; x_wconf 88' lang='lat' dir='ltr'>eludens</span> <span class='ocrx_word' id='word_1_15' title='bbox 343 218 554 272; x_wconf 80' lang='lat' dir='ltr'>ignaviam</span> <span class='ocrx_word' id='word_1_16' title='bbox 596 217 895 271; x_wconf 88' lang='lat' dir='ltr'>inbelliamque</span> <span class='ocrx_word' id='word_1_17' title='bbox 935 218 1117 259; x_wconf 84' lang='lat' dir='ltr'>militum</span> <span class='ocrx_word' id='word_1_18' title='bbox 1157 220 1244 260; x_wconf 88' lang='lat' dir='ltr'>eius</span> <span class='ocrx_word' id='word_1_19' title='bbox 1283 220 1465 272; x_wconf 75' lang='lat' dir='ltr'>pretiose</span> 
     </span>
     <span class='ocr_line' id='line_1_4' title="bbox 128 276 1464 330; baseline 0.001 -13"><span class='ocrx_word' id='word_1_20' title='bbox 128 280 401 317; x_wconf 84' lang='lat' dir='ltr'>armatorum:</span> <span class='ocrx_word' id='word_1_21' title='bbox 431 276 570 329; x_wconf 77' lang='lat' dir='ltr'>‘Satis,</span> <span class='ocrx_word' id='word_1_22' title='bbox 596 277 719 330; x_wconf 86' lang='lat' dir='ltr'>plane</span> <span class='ocrx_word' id='word_1_23' title='bbox 746 277 847 317; x_wconf 85' lang='lat' dir='ltr'>satis</span> <span class='ocrx_word' id='word_1_24' title='bbox 875 292 962 318; x_wconf 87' lang='lat' dir='ltr'>esse</span> <span class='ocrx_word' id='word_1_25' title='bbox 991 278 1112 318; x_wconf 88' lang='lat' dir='ltr'>credo</span> <span class='ocrx_word' id='word_1_26' title='bbox 1133 277 1334 319; x_wconf 78' lang='lat' dir='ltr'>Romanis</span> <span class='ocrx_word' id='word_1_27' title='bbox 1361 278 1464 320; x_wconf 88' lang='lat' dir='ltr'>haec</span> 
     </span>
     <span class='ocr_line' id='line_1_5' title="bbox 129 336 1521 391; baseline 0.003 -16"><span class='ocrx_word' id='word_1_28' title='bbox 129 336 281 388; x_wconf 78' lang='lat' dir='ltr'>onmia,</span> <span class='ocrx_word' id='word_1_29' title='bbox 313 336 477 376; x_wconf 87' lang='lat' dir='ltr'>etiamsi</span> <span class='ocrx_word' id='word_1_30' title='bbox 510 336 742 376; x_wconf 76' lang='lat' dir='ltr'>avarissimi</span> <span class='ocrx_word' id='word_1_31' title='bbox 775 337 899 376; x_wconf 55' lang='lat' dir='ltr'>sunt)</span> <span class='ocrx_word' id='word_1_32' title='bbox 957 336 1077 377; x_wconf 87' lang='lat' dir='ltr'>Nihil</span> <span class='ocrx_word' id='word_1_33' title='bbox 1106 351 1300 390; x_wconf 88' lang='lat' dir='ltr'>prorsum</span> <span class='ocrx_word' id='word_1_34' title='bbox 1327 352 1463 391; x_wconf 84' lang='lat' dir='ltr'>neque</span> <span class='ocrx_word' id='word_1_35' title='bbox 1502 350 1521 380; x_wconf 78' lang='grc'><strong>6</strong></span> 
     </span>
     <span class='ocr_line' id='line_1_6' title="bbox 92 395 1521 448; baseline 0.003 -14"><span class='ocrx_word' id='word_1_36' title='bbox 92 415 107 439; x_wconf 83' lang='lat'>5</span> <span class='ocrx_word' id='word_1_37' title='bbox 127 397 213 434; x_wconf 90' lang='lat' dir='ltr'>tam</span> <span class='ocrx_word' id='word_1_38' title='bbox 240 395 376 448; x_wconf 83' lang='lat' dir='ltr'>lepide</span> <span class='ocrx_word' id='word_1_39' title='bbox 402 409 537 448; x_wconf 89' lang='lat' dir='ltr'>neque</span> <span class='ocrx_word' id='word_1_40' title='bbox 563 398 649 435; x_wconf 89' lang='lat' dir='ltr'>tam</span> <span class='ocrx_word' id='word_1_41' title='bbox 670 395 816 435; x_wconf 78' lang='lat' dir='ltr'>acerbe</span> <span class='ocrx_word' id='word_1_42' title='bbox 837 395 918 435; x_wconf 87' lang='lat' dir='ltr'>dici</span> <span class='ocrx_word' id='word_1_43' title='bbox 939 399 1096 448; x_wconf 89' lang='lat' dir='ltr'>potest:</span> <span class='ocrx_word' id='word_1_44' title='bbox 1123 410 1196 436; x_wconf 80' lang='lat' dir='ltr'>rex</span> <span class='ocrx_word' id='word_1_45' title='bbox 1217 397 1268 437; x_wconf 92' lang='lat' dir='ltr'>de</span> <span class='ocrx_word' id='word_1_46' title='bbox 1287 411 1462 438; x_wconf 90' lang='lat' dir='ltr'>numero</span> <span class='ocrx_word' id='word_1_47' title='bbox 1503 409 1521 438; x_wconf 83' lang='lat'><strong>7</strong></span> 
     </span>
     <span class='ocr_line' id='line_1_7' title="bbox 128 454 1462 509; baseline 0.002 -16"><span class='ocrx_word' id='word_1_48' title='bbox 128 454 333 494; x_wconf 79' lang='lat' dir='ltr'>exercitus</span> <span class='ocrx_word' id='word_1_49' title='bbox 372 454 435 494; x_wconf 91' lang='lat' dir='ltr'>sui</span> <span class='ocrx_word' id='word_1_50' title='bbox 474 467 522 493; x_wconf 89' lang='lat' dir='ltr'>ac</span> <span class='ocrx_word' id='word_1_51' title='bbox 557 454 606 494; x_wconf 91' lang='lat' dir='ltr'>de</span> <span class='ocrx_word' id='word_1_52' title='bbox 639 454 896 494; x_wconf 87' lang='lat' dir='ltr'>aestimanda</span> <span class='ocrx_word' id='word_1_53' title='bbox 928 455 1268 508; x_wconf 78' lang='lat' dir='ltr'>aequiperatione</span> <span class='ocrx_word' id='word_1_54' title='bbox 1302 456 1462 509; x_wconf 86' lang='lat' dir='ltr'>quaesi-</span> 
     </span>
     <span class='ocr_line' id='line_1_8' title="bbox 126 512 1029 566; baseline 0.001 -14"><span class='ocrx_word' id='word_1_55' title='bbox 126 515 258 561; x_wconf 80' lang='lat' dir='ltr'>verat,</span> <span class='ocrx_word' id='word_1_56' title='bbox 290 513 507 566; x_wconf 85' lang='lat' dir='ltr'>respondit</span> <span class='ocrx_word' id='word_1_57' title='bbox 538 512 752 553; x_wconf 83' lang='lat' dir='ltr'>Hannibal</span> <span class='ocrx_word' id='word_1_58' title='bbox 785 513 835 553; x_wconf 90' lang='lat' dir='ltr'>de</span> <span class='ocrx_word' id='word_1_59' title='bbox 866 513 1029 566; x_wconf 87' lang='lat' dir='ltr'>praeda.</span> 
     </span>
    </p>
   </div>
   <div class='ocr_carea' id='block_1_3' title="bbox 763 640 824 682">
    <p class='ocr_par' dir='ltr' id='par_1_3' title="bbox 763 640 824 682">
     <span class='ocr_line' id='line_1_9' title="bbox 763 640 824 682; baseline 0 0"><span class='ocrx_word' id='word_1_60' title='bbox 763 640 824 682; x_wconf 90' lang='lat' dir='ltr'>VI</span> 
     </span>
    </p>
   </div>
   <div class='ocr_carea' id='block_1_4' title="bbox 124 721 1461 861">
    <p class='ocr_par' dir='ltr' id='par_1_4' title="bbox 124 721 1461 861">
     <span class='ocr_line' id='line_1_10' title="bbox 124 721 1461 767; baseline 0.002 -12"><span class='ocrx_word' id='word_1_61' title='bbox 124 721 176 756; x_wconf 88' lang='lat' dir='ltr'>De</span> <span class='ocrx_word' id='word_1_62' title='bbox 203 722 344 756; x_wconf 88' lang='lat' dir='ltr'>coronis</span> <span class='ocrx_word' id='word_1_63' title='bbox 372 722 612 763; x_wconf 78' lang='lat' dir='ltr'>militaribus3</span> <span class='ocrx_word' id='word_1_64' title='bbox 645 733 739 765; x_wconf 82' lang='lat' dir='ltr'>quac</span> <span class='ocrx_word' id='word_1_65' title='bbox 766 723 815 756; x_wconf 88' lang='lat' dir='ltr'>sit</span> <span class='ocrx_word' id='word_1_66' title='bbox 840 733 965 757; x_wconf 88' lang='lat' dir='ltr'>earum</span> <span class='ocrx_word' id='word_1_67' title='bbox 991 723 1243 767; x_wconf 78' lang='lat' dir='ltr'>triumphalis,</span> <span class='ocrx_word' id='word_1_68' title='bbox 1272 735 1366 767; x_wconf 86' lang='lat' dir='ltr'>quae</span> <span class='ocrx_word' id='word_1_69' title='bbox 1398 725 1461 758; x_wconf 88' lang='lat' dir='ltr'>ob-</span> 
     </span>
     <span class='ocr_line' id='line_1_11' title="bbox 170 769 1460 815; baseline 0.002 -13"><span class='ocrx_word' id='word_1_70' title='bbox 170 769 379 812; x_wconf 79' lang='lat' dir='ltr'>sidionalis,</span> <span class='ocrx_word' id='word_1_71' title='bbox 407 781 501 812; x_wconf 87' lang='lat' dir='ltr'>quae</span> <span class='ocrx_word' id='word_1_72' title='bbox 527 770 659 812; x_wconf 86' lang='lat' dir='ltr'>civica,</span> <span class='ocrx_word' id='word_1_73' title='bbox 687 781 781 813; x_wconf 86' lang='lat' dir='ltr'>quae</span> <span class='ocrx_word' id='word_1_74' title='bbox 807 769 975 812; x_wconf 78' lang='lat' dir='ltr'>muralis⁷</span> <span class='ocrx_word' id='word_1_75' title='bbox 1003 781 1097 813; x_wconf 89' lang='lat' dir='ltr'>quae</span> <span class='ocrx_word' id='word_1_76' title='bbox 1125 772 1338 813; x_wconf 80' lang='lat' dir='ltr'>castrensis,</span> <span class='ocrx_word' id='word_1_77' title='bbox 1367 782 1460 815; x_wconf 88' lang='lat' dir='ltr'>quae</span> 
     </span>
     <span class='ocr_line' id='line_1_12' title="bbox 169 816 960 861; baseline 0.003 -12"><span class='ocrx_word' id='word_1_78' title='bbox 169 816 328 860; x_wconf 83' lang='lat' dir='ltr'>navalis,</span> <span class='ocrx_word' id='word_1_79' title='bbox 355 827 450 860; x_wconf 85' lang='lat' dir='ltr'>quae</span> <span class='ocrx_word' id='word_1_80' title='bbox 477 816 609 860; x_wconf 85' lang='lat' dir='ltr'>ovalis‚</span> <span class='ocrx_word' id='word_1_81' title='bbox 636 828 731 860; x_wconf 88' lang='lat' dir='ltr'>quae</span> <span class='ocrx_word' id='word_1_82' title='bbox 757 816 960 861; x_wconf 83' lang='lat' dir='ltr'>oleaginea.</span> 
     </span>
    </p>
   </div>
   <div class='ocr_carea' id='block_1_5' title="bbox 66 900 1529 1837">
    <p class='ocr_par' dir='ltr' id='par_1_5' title="bbox 69 900 1529 1250">
     <span class='ocr_line' id='line_1_13' title="bbox 210 900 1529 955; baseline 0.002 -14"><span class='ocrx_word' id='word_1_83' title='bbox 210 900 414 942; x_wconf 83' lang='lat' dir='ltr'>Militares</span> <span class='ocrx_word' id='word_1_84' title='bbox 436 915 615 942; x_wconf 85' lang='lat' dir='ltr'>coronae</span> <span class='ocrx_word' id='word_1_85' title='bbox 634 902 804 954; x_wconf 73' lang='lat' dir='ltr'>multae,</span> <span class='ocrx_word' id='word_1_86' title='bbox 826 902 965 942; x_wconf 86' lang='lat' dir='ltr'>variae</span> <span class='ocrx_word' id='word_1_87' title='bbox 986 904 1093 942; x_wconf 91' lang='lat' dir='ltr'>sunt.</span> <span class='ocrx_word' id='word_1_88' title='bbox 1146 901 1331 951; x_wconf 82' lang='lat' dir='ltr'>Quarum</span> <span class='ocrx_word' id='word_1_89' title='bbox 1353 916 1459 955; x_wconf 88' lang='lat' dir='ltr'>quae</span> <span class='ocrx_word' id='word_1_90' title='bbox 1478 915 1529 945; x_wconf 77' lang='lat'>1.2</span> 
     </span>
     <span class='ocr_line' id='line_1_14' title="bbox 122 959 1460 1014; baseline 0.001 -14"><span class='ocrx_word' id='word_1_91' title='bbox 122 959 410 1001; x_wconf 86' lang='lat' dir='ltr'>nobilissimae</span> <span class='ocrx_word' id='word_1_92' title='bbox 447 963 563 1013; x_wconf 77' lang='lat' dir='ltr'>sunt,</span> <span class='ocrx_word' id='word_1_93' title='bbox 600 960 676 1001; x_wconf 87' lang='lat' dir='ltr'>has</span> <span class='ocrx_word' id='word_1_94' title='bbox 715 961 846 1001; x_wconf 84' lang='lat' dir='ltr'>ferme</span> <span class='ocrx_word' id='word_1_95' title='bbox 881 975 970 1001; x_wconf 89' lang='lat' dir='ltr'>esse</span> <span class='ocrx_word' id='word_1_96' title='bbox 1002 960 1258 1014; x_wconf 85' lang='lat' dir='ltr'>accepimus:</span> <span class='ocrx_word' id='word_1_97' title='bbox 1299 961 1460 1002; x_wconf 68' lang='lat' dir='ltr'>‘trium-</span> 
     </span>
     <span class='ocr_line' id='line_1_15' title="bbox 121 1017 1460 1073; baseline 0.001 -14"><span class='ocrx_word' id='word_1_98' title='bbox 121 1017 309 1072; x_wconf 69' lang='lat' dir='ltr'>phalem,</span> <span class='ocrx_word' id='word_1_99' title='bbox 347 1018 670 1072; x_wconf 75' lang='lat' dir='ltr'>obsidionalem,</span> <span class='ocrx_word' id='word_1_100' title='bbox 708 1020 901 1072; x_wconf 83' lang='lat' dir='ltr'>civicam,</span> <span class='ocrx_word' id='word_1_101' title='bbox 940 1021 1160 1073; x_wconf 82' lang='lat' dir='ltr'>muralem,</span> <span class='ocrx_word' id='word_1_102' title='bbox 1194 1022 1460 1073; x_wconf 80' lang='lat' dir='ltr'>castrensem,</span> 
     </span>
     <span class='ocr_line' id='line_1_16' title="bbox 69 1077 1517 1133; baseline 0.001 -16"><span class='ocrx_word' id='word_1_103' title='bbox 69 1097 101 1122; x_wconf 82' lang='lat'>15</span> <span class='ocrx_word' id='word_1_104' title='bbox 121 1077 347 1131; x_wconf 78' lang='lat' dir='ltr'>navalem&#39;3</span> <span class='ocrx_word' id='word_1_105' title='bbox 379 1080 442 1118; x_wconf 86' lang='lat' dir='ltr'>est</span> <span class='ocrx_word' id='word_1_106' title='bbox 474 1092 521 1118; x_wconf 92' lang='lat' dir='ltr'>ea</span> <span class='ocrx_word' id='word_1_107' title='bbox 552 1092 721 1131; x_wconf 90' lang='lat' dir='ltr'>quoque</span> <span class='ocrx_word' id='word_1_108' title='bbox 754 1092 925 1131; x_wconf 78' lang='lat' dir='ltr'>corona,</span> <span class='ocrx_word' id='word_1_109' title='bbox 957 1093 1064 1131; x_wconf 88' lang='lat' dir='ltr'>quae</span> <span class='ocrx_word' id='word_1_110' title='bbox 1097 1078 1261 1119; x_wconf 67' lang='lat' dir='ltr'>‘ovalis’</span> <span class='ocrx_word' id='word_1_111' title='bbox 1294 1079 1458 1133; x_wconf 81' lang='lat' dir='ltr'>dicitur,</span> <span class='ocrx_word' id='word_1_112' title='bbox 1498 1090 1517 1120; x_wconf 83' lang='lat'>3</span> 
     </span>
     <span class='ocr_line' id='line_1_17' title="bbox 121 1137 1518 1192; baseline 0.001 -16"><span class='ocrx_word' id='word_1_113' title='bbox 121 1139 184 1177; x_wconf 88' lang='lat' dir='ltr'>est</span> <span class='ocrx_word' id='word_1_114' title='bbox 221 1137 323 1177; x_wconf 88' lang='lat' dir='ltr'>item</span> <span class='ocrx_word' id='word_1_115' title='bbox 360 1139 573 1190; x_wconf 86' lang='lat' dir='ltr'>postrema</span> <span class='ocrx_word' id='word_1_116' title='bbox 612 1137 872 1192; x_wconf 74' lang='lat' dir='ltr'>‘oleaginea&#39;‚</span> <span class='ocrx_word' id='word_1_117' title='bbox 911 1151 994 1190; x_wconf 87' lang='lat' dir='ltr'>qua</span> <span class='ocrx_word' id='word_1_118' title='bbox 1024 1138 1087 1178; x_wconf 89' lang='lat' dir='ltr'>uti</span> <span class='ocrx_word' id='word_1_119' title='bbox 1119 1139 1273 1189; x_wconf 85' lang='lat' dir='ltr'>solent,</span> <span class='ocrx_word' id='word_1_120' title='bbox 1311 1138 1383 1191; x_wconf 90' lang='lat' dir='ltr'>qui</span> <span class='ocrx_word' id='word_1_121' title='bbox 1415 1138 1460 1178; x_wconf 87' lang='lat' dir='ltr'>in</span> <span class='ocrx_word' id='word_1_122' title='bbox 1497 1150 1518 1179; x_wconf 80' lang='grc'>4</span> 
     </span>
     <span class='ocr_line' id='line_1_18' title="bbox 121 1195 1290 1250; baseline 0.002 -15"><span class='ocrx_word' id='word_1_123' title='bbox 121 1195 282 1249; x_wconf 90' lang='lat' dir='ltr'>proelio</span> <span class='ocrx_word' id='word_1_124' title='bbox 314 1210 401 1237; x_wconf 90' lang='lat' dir='ltr'>non</span> <span class='ocrx_word' id='word_1_125' title='bbox 431 1196 619 1249; x_wconf 82' lang='lat' dir='ltr'>fuerunt,</span> <span class='ocrx_word' id='word_1_126' title='bbox 652 1197 724 1237; x_wconf 91' lang='lat' dir='ltr'>sed</span> <span class='ocrx_word' id='word_1_127' title='bbox 755 1196 1018 1250; x_wconf 88' lang='lat' dir='ltr'>triumphum</span> <span class='ocrx_word' id='word_1_128' title='bbox 1051 1199 1290 1250; x_wconf 83' lang='lat' dir='ltr'>procurant.</span> 
     </span>
    </p>

    <p class='ocr_par' dir='ltr' id='par_1_6' title="bbox 71 1253 1459 1486">
     <span class='ocr_line' id='line_1_19' title="bbox 209 1253 1459 1309; baseline 0.002 -15"><span class='ocrx_word' id='word_1_129' title='bbox 209 1253 534 1308; x_wconf 66' lang='lat' dir='ltr'>‘Triumphales&#39;</span> <span class='ocrx_word' id='word_1_130' title='bbox 568 1269 746 1296; x_wconf 87' lang='lat' dir='ltr'>coronae</span> <span class='ocrx_word' id='word_1_131' title='bbox 779 1258 877 1295; x_wconf 86' lang='lat' dir='ltr'>sunt</span> <span class='ocrx_word' id='word_1_132' title='bbox 908 1269 1069 1308; x_wconf 77' lang='lat' dir='ltr'>aureae,</span> <span class='ocrx_word' id='word_1_133' title='bbox 1102 1270 1208 1308; x_wconf 90' lang='lat' dir='ltr'>quae</span> <span class='ocrx_word' id='word_1_134' title='bbox 1235 1256 1459 1309; x_wconf 89' lang='lat' dir='ltr'>imperato-</span> 
     </span>
     <span class='ocr_line' id='line_1_20' title="bbox 118 1312 1459 1369; baseline 0.001 -16"><span class='ocrx_word' id='word_1_135' title='bbox 118 1312 236 1354; x_wconf 88' lang='lat' dir='ltr'>ribus</span> <span class='ocrx_word' id='word_1_136' title='bbox 263 1313 316 1354; x_wconf 92' lang='lat' dir='ltr'>ob</span> <span class='ocrx_word' id='word_1_137' title='bbox 342 1312 546 1354; x_wconf 81' lang='lat' dir='ltr'>honorem</span> <span class='ocrx_word' id='word_1_138' title='bbox 572 1314 779 1367; x_wconf 87' lang='lat' dir='ltr'>triumphi</span> <span class='ocrx_word' id='word_1_139' title='bbox 800 1314 1036 1354; x_wconf 89' lang='lat' dir='ltr'>mittuntur.</span> <span class='ocrx_word' id='word_1_140' title='bbox 1086 1313 1135 1354; x_wconf 92' lang='lat' dir='ltr'>Id</span> <span class='ocrx_word' id='word_1_141' title='bbox 1155 1315 1283 1369; x_wconf 79' lang='lat' dir='ltr'>vulgo</span> <span class='ocrx_word' id='word_1_142' title='bbox 1306 1314 1459 1355; x_wconf 87' lang='lat' dir='ltr'>dicitur</span> 
     </span>
     <span class='ocr_line' id='line_1_21' title="bbox 66 1371 1458 1427; baseline 0.001 -15.007"><span class='ocrx_word' id='word_1_143' title='bbox 66 1391 100 1416; x_wconf 68' lang='grc' dir='ltr'>η)</span> <span class='ocrx_word' id='word_1_144' title='bbox 121 1371 285 1412; x_wconf 89' lang='lat' dir='ltr'>aurum</span> <span class='ocrx_word' id='word_1_145' title='bbox 323 1373 616 1414; x_wconf 82' lang='lat' dir='ltr'>coronarium.</span> <span class='ocrx_word' id='word_1_146' title='bbox 684 1372 801 1414; x_wconf 87' lang='lat' dir='ltr'>Haec</span> <span class='ocrx_word' id='word_1_147' title='bbox 837 1373 1071 1426; x_wconf 87' lang='lat' dir='ltr'>antiquitus</span> <span class='ocrx_word' id='word_1_148' title='bbox 1109 1387 1130 1414; x_wconf 91' lang='lat' dir='ltr'>e</span> <span class='ocrx_word' id='word_1_149' title='bbox 1168 1374 1290 1414; x_wconf 87' lang='lat' dir='ltr'>lauru</span> <span class='ocrx_word' id='word_1_150' title='bbox 1328 1376 1458 1427; x_wconf 80' lang='lat' dir='ltr'>erant,</span> 
     </span>
     <span class='ocr_line' id='line_1_22' title="bbox 118 1431 769 1486; baseline 0.002 -15"><span class='ocrx_word' id='word_1_151' title='bbox 118 1433 216 1484; x_wconf 89' lang='lat' dir='ltr'>post</span> <span class='ocrx_word' id='word_1_152' title='bbox 247 1431 338 1472; x_wconf 91' lang='lat' dir='ltr'>fieri</span> <span class='ocrx_word' id='word_1_153' title='bbox 370 1446 420 1472; x_wconf 81' lang='lat' dir='ltr'>ex</span> <span class='ocrx_word' id='word_1_154' title='bbox 452 1446 553 1472; x_wconf 90' lang='lat' dir='ltr'>auro</span> <span class='ocrx_word' id='word_1_155' title='bbox 586 1434 769 1486; x_wconf 90' lang='lat' dir='ltr'>coeptae.</span> 
     </span>
    </p>

    <p class='ocr_par' dir='ltr' id='par_1_7' title="bbox 66 1466 1515 1837">
     <span class='ocr_line' id='line_1_23' title="bbox 208 1466 1457 1544; baseline 0.002 -15"><span class='ocrx_word' id='word_1_156' title='bbox 208 1488 522 1531; x_wconf 73' lang='lat' dir='ltr'>‘Obsidionalis⁷</span> <span class='ocrx_word' id='word_1_157' title='bbox 563 1494 643 1544; x_wconf 83' lang='lat' dir='ltr'>est,</span> <span class='ocrx_word' id='word_1_158' title='bbox 681 1505 807 1544; x_wconf 90' lang='lat' dir='ltr'>quam</span> <span class='ocrx_word' id='word_1_159' title='bbox 846 1491 893 1543; x_wconf 89' lang='grc'>11,</span> <span class='ocrx_word' id='word_1_160' title='bbox 932 1492 1003 1544; x_wconf 89' lang='lat' dir='ltr'>qui</span> <span class='ocrx_word' id='word_1_161' title='bbox 1039 1491 1205 1532; x_wconf 87' lang='lat' dir='ltr'>liberati</span> <span class='ocrx_word' id='word_1_162' title='bbox 1239 1466 1457 1532; x_wconf 83' lang='lat' dir='ltr'>obsidione</span> 
     </span>
     <span class='ocr_line' id='line_1_24' title="bbox 119 1525 1514 1605; baseline 0.002 -17"><span class='ocrx_word' id='word_1_163' title='bbox 119 1550 228 1601; x_wconf 81' lang='lat' dir='ltr'>sunt,</span> <span class='ocrx_word' id='word_1_164' title='bbox 261 1549 361 1590; x_wconf 89' lang='lat' dir='ltr'>dant</span> <span class='ocrx_word' id='word_1_165' title='bbox 393 1549 430 1589; x_wconf 92' lang='lat' dir='ltr'>ei</span> <span class='ocrx_word' id='word_1_166' title='bbox 462 1550 569 1602; x_wconf 80' lang='lat' dir='ltr'>duci,</span> <span class='ocrx_word' id='word_1_167' title='bbox 601 1550 674 1603; x_wconf 88' lang='lat' dir='ltr'>qui</span> <span class='ocrx_word' id='word_1_168' title='bbox 705 1525 910 1590; x_wconf 80' lang='lat' dir='ltr'>liberavit.</span> <span class='ocrx_word' id='word_1_169' title='bbox 966 1549 1030 1591; x_wconf 82' lang='lat' dir='ltr'>Ea</span> <span class='ocrx_word' id='word_1_170' title='bbox 1061 1563 1215 1590; x_wconf 89' lang='lat' dir='ltr'>corona</span> <span class='ocrx_word' id='word_1_171' title='bbox 1241 1551 1457 1605; x_wconf 75' lang='lat' dir='ltr'>graminea</span> <span class='ocrx_word' id='word_1_172' title='bbox 1495 1562 1514 1592; x_wconf 85' lang='lat'>9</span> 
     </span>
     <span class='ocr_line' id='line_1_25' title="bbox 118 1608 1456 1664; baseline 0.001 -17"><span class='ocrx_word' id='word_1_173' title='bbox 118 1609 199 1660; x_wconf 80' lang='lat' dir='ltr'>est,</span> <span class='ocrx_word' id='word_1_174' title='bbox 237 1608 533 1662; x_wconf 84' lang='lat' dir='ltr'>observarique</span> <span class='ocrx_word' id='word_1_175' title='bbox 571 1609 762 1664; x_wconf 74' lang='lat' dir='ltr'>solitum,</span> <span class='ocrx_word' id='word_1_176' title='bbox 798 1611 846 1649; x_wconf 86' lang='lat' dir='ltr'>ut</span> <span class='ocrx_word' id='word_1_177' title='bbox 882 1609 1002 1649; x_wconf 90' lang='lat' dir='ltr'>fieret</span> <span class='ocrx_word' id='word_1_178' title='bbox 1039 1623 1060 1650; x_wconf 90' lang='lat' dir='ltr'>e</span> <span class='ocrx_word' id='word_1_179' title='bbox 1098 1609 1304 1663; x_wconf 83' lang='lat' dir='ltr'>gramine,</span> <span class='ocrx_word' id='word_1_180' title='bbox 1343 1609 1456 1662; x_wconf 90' lang='lat' dir='ltr'>quod</span> 
     </span>
     <span class='ocr_line' id='line_1_26' title="bbox 66 1666 1456 1722; baseline -0.001 -13"><span class='ocrx_word' id='word_1_181' title='bbox 66 1700 79 1709; x_wconf 48' lang='grc'>1</span> <span class='ocrx_word' id='word_1_182' title='bbox 118 1666 163 1706; x_wconf 88' lang='grc'>111</span> <span class='ocrx_word' id='word_1_183' title='bbox 194 1680 242 1707; x_wconf 90' lang='lat' dir='ltr'>eo</span> <span class='ocrx_word' id='word_1_184' title='bbox 274 1667 368 1707; x_wconf 89' lang='grc'><strong>1000</strong></span> <span class='ocrx_word' id='word_1_185' title='bbox 402 1670 577 1722; x_wconf 83' lang='lat' dir='ltr'>gnatum</span> <span class='ocrx_word' id='word_1_186' title='bbox 610 1670 730 1720; x_wconf 80' lang='lat' dir='ltr'>esset,</span> <span class='ocrx_word' id='word_1_187' title='bbox 761 1668 871 1708; x_wconf 86' lang='lat' dir='ltr'>intra</span> <span class='ocrx_word' id='word_1_188' title='bbox 904 1682 1028 1720; x_wconf 88' lang='lat' dir='ltr'>quem</span> <span class='ocrx_word' id='word_1_189' title='bbox 1062 1667 1193 1721; x_wconf 87' lang='lat' dir='ltr'>clausi</span> <span class='ocrx_word' id='word_1_190' title='bbox 1221 1670 1351 1720; x_wconf 75' lang='lat' dir='ltr'>erant,</span> <span class='ocrx_word' id='word_1_191' title='bbox 1384 1669 1456 1721; x_wconf 91' lang='lat' dir='ltr'>qui</span> 
     </span>
     <span class='ocr_line' id='line_1_27' title="bbox 120 1724 1515 1781; baseline 0.002 -16"><span class='ocrx_word' id='word_1_192' title='bbox 120 1724 429 1766; x_wconf 88' lang='lat' dir='ltr'>obsidebantur.</span> <span class='ocrx_word' id='word_1_193' title='bbox 491 1725 613 1767; x_wconf 89' lang='lat' dir='ltr'>Hanc</span> <span class='ocrx_word' id='word_1_194' title='bbox 651 1740 847 1767; x_wconf 86' lang='lat' dir='ltr'>coronam</span> <span class='ocrx_word' id='word_1_195' title='bbox 887 1726 1144 1781; x_wconf 86' lang='lat' dir='ltr'>gramineam</span> <span class='ocrx_word' id='word_1_196' title='bbox 1180 1729 1349 1767; x_wconf 88' lang='lat' dir='ltr'>senatus</span> <span class='ocrx_word' id='word_1_197' title='bbox 1382 1741 1455 1780; x_wconf 90' lang='lat' dir='ltr'>po·</span> <span class='ocrx_word' id='word_1_198' title='bbox 1471 1738 1515 1769; x_wconf 89' lang='lat'>10</span> 
     </span>
     <span class='ocr_line' id='line_1_28' title="bbox 118 1783 1455 1837; baseline 0.002 -14"><span class='ocrx_word' id='word_1_199' title='bbox 118 1783 327 1837; x_wconf 88' lang='lat' dir='ltr'>pulusque</span> <span class='ocrx_word' id='word_1_200' title='bbox 359 1784 576 1826; x_wconf 84' lang='lat' dir='ltr'>Romanus</span> <span class='ocrx_word' id='word_1_201' title='bbox 609 1784 655 1834; x_wconf 84' lang='lat' dir='ltr'>Q.</span> <span class='ocrx_word' id='word_1_202' title='bbox 681 1784 813 1826; x_wconf 89' lang='lat' dir='ltr'>Fabio</span> <span class='ocrx_word' id='word_1_203' title='bbox 843 1784 1029 1826; x_wconf 85' lang='lat' dir='ltr'>Maximo</span> <span class='ocrx_word' id='word_1_204' title='bbox 1064 1785 1176 1826; x_wconf 85' lang='lat' dir='ltr'>dedit</span> <span class='ocrx_word' id='word_1_205' title='bbox 1208 1785 1320 1826; x_wconf 89' lang='lat' dir='ltr'>bello</span> <span class='ocrx_word' id='word_1_206' title='bbox 1351 1785 1455 1827; x_wconf 90' lang='lat' dir='ltr'>Poe-</span> 
     </span>
    </p>
   </div>
   <div class='ocr_carea' id='block_1_6' title="bbox 1497 1269 1517 1415">
    <p class='ocr_par' dir='ltr' id='par_1_8' title="bbox 1497 1269 1517 1415">
     <span class='ocr_line' id='line_1_29' title="bbox 1497 1269 1517 1415; textangle 90"><span class='ocrx_word' id='word_1_207' title='bbox 1497 1269 1517 1415; x_wconf 51' lang='lat'>«16:0¹</span> 
     </span>
    </p>
   </div>
   <div class='ocr_carea' id='block_1_7' title="bbox 1495 1502 1515 1533">
    <p class='ocr_par' dir='ltr' id='par_1_9' title="bbox 1495 1502 1515 1533">
     <span class='ocr_line' id='line_1_30' title="bbox 1495 1502 1515 1533; textangle 90"><span class='ocrx_word' id='word_1_208' title='bbox 1495 1502 1515 1533; x_wconf 65' lang='grc' dir='ltr'><em>ω</em></span> 
     </span>
    </p>
   </div>
   <div class='ocr_carea' id='block_1_8' title="bbox 214 1923 1454 1968">
    <p class='ocr_par' dir='ltr' id='par_1_10' title="bbox 214 1923 1454 1968">
     <span class='ocr_line' id='line_1_31' title="bbox 214 1923 1454 1968; baseline 0 -11"><span class='ocrx_word' id='word_1_209' title='bbox 214 1927 256 1956; x_wconf 96' lang='grc'>12</span> <span class='ocrx_word' id='word_1_210' title='bbox 271 1935 350 1968; x_wconf 85' lang='lat' dir='ltr'>sqq.</span> <span class='ocrx_word' id='word_1_211' title='bbox 372 1941 414 1952; x_wconf 89' lang='lat'>=</span> <span class='ocrx_word' id='word_1_212' title='bbox 436 1923 550 1958; x_wconf 76' lang='lat' dir='ltr'>Varro</span> <span class='ocrx_word' id='word_1_213' title='bbox 577 1925 651 1958; x_wconf 88' lang='lat' dir='ltr'>ant.</span> <span class='ocrx_word' id='word_1_214' title='bbox 673 1924 771 1958; x_wconf 86' lang='lat' dir='ltr'>hum.</span> <span class='ocrx_word' id='word_1_215' title='bbox 792 1923 891 1958; x_wconf 83' lang='lat' dir='ltr'><strong>XXII</strong></span> <span class='ocrx_word' id='word_1_216' title='bbox 911 1924 953 1957; x_wconf 85' lang='lat' dir='ltr'>fr.</span> <span class='ocrx_word' id='word_1_217' title='bbox 977 1927 1018 1957; x_wconf 87' lang='lat'>16</span> <span class='ocrx_word' id='word_1_218' title='bbox 1034 1924 1095 1958; x_wconf 86' lang='lat' dir='ltr'>Mi.</span> <span class='ocrx_word' id='word_1_219' title='bbox 1122 1924 1184 1959; x_wconf 83' lang='lat' dir='ltr'>cfr.</span> <span class='ocrx_word' id='word_1_220' title='bbox 1205 1924 1297 1958; x_wconf 89' lang='lat' dir='ltr'>Plin.</span> <span class='ocrx_word' id='word_1_221' title='bbox 1318 1924 1401 1957; x_wconf 89' lang='lat' dir='ltr'>XVI</span> <span class='ocrx_word' id='word_1_222' title='bbox 1422 1928 1454 1967; x_wconf 78' lang='lat'>4,</span> 
     </span>
    </p>
   </div>
   <div class='ocr_carea' id='block_1_9' title="bbox 117 1970 1454 2098">
    <p class='ocr_par' dir='ltr' id='par_1_11' title="bbox 117 1970 1454 2098">
     <span class='ocr_line' id='line_1_32' title="bbox 119 1970 1454 2015; baseline 0.001 -12"><span class='ocrx_word' id='word_1_223' title='bbox 119 1973 136 2003; x_wconf 82' lang='lat'><strong>7</strong></span> <span class='ocrx_word' id='word_1_224' title='bbox 153 1981 230 2014; x_wconf 86' lang='lat' dir='ltr'>sqq.</span> <span class='ocrx_word' id='word_1_225' title='bbox 258 1970 358 2004; x_wconf 84' lang='lat' dir='ltr'>XXII</span> <span class='ocrx_word' id='word_1_226' title='bbox 379 1975 409 2013; x_wconf 75' lang='lat'>3,</span> <span class='ocrx_word' id='word_1_227' title='bbox 432 1974 450 2004; x_wconf 85' lang='grc'><strong>6</strong></span> <span class='ocrx_word' id='word_1_228' title='bbox 466 1982 542 2015; x_wconf 88' lang='lat' dir='ltr'>sqq.</span> <span class='ocrx_word' id='word_1_229' title='bbox 702 1975 743 2005; x_wconf 89' lang='grc'>16</span> <span class='ocrx_word' id='word_1_230' title='bbox 771 1971 873 2005; x_wconf 88' lang='lat' dir='ltr'>Paul.</span> <span class='ocrx_word' id='word_1_231' title='bbox 894 1983 929 2014; x_wconf 90' lang='lat' dir='ltr'>p.</span> <span class='ocrx_word' id='word_1_232' title='bbox 953 1974 1030 2014; x_wconf 83' lang='grc'><strong>192,</strong></span> <span class='ocrx_word' id='word_1_233' title='bbox 1051 1976 1072 2005; x_wconf 80' lang='lat'>4</span> <span class='ocrx_word' id='word_1_234' title='bbox 1226 1975 1268 2006; x_wconf 87' lang='lat'>18</span> <span class='ocrx_word' id='word_1_235' title='bbox 1293 1971 1396 2006; x_wconf 83' lang='lat' dir='ltr'>Paul.</span> <span class='ocrx_word' id='word_1_236' title='bbox 1417 1983 1454 2015; x_wconf 89' lang='lat' dir='ltr'>p.</span> 
     </span>
     <span class='ocr_line' id='line_1_33' title="bbox 117 2018 1453 2098; baseline 0.001 -48"><span class='ocrx_word' id='word_1_237' title='bbox 117 2020 260 2098; x_wconf 50' lang='lat' dir='ltr'>{ghi}</span> <span class='ocrx_word' id='word_1_238' title='bbox 292 2068 333 2098; x_wconf 68' lang='grc'>10</span> <span class='ocrx_word' id='word_1_239' title='bbox 417 2022 459 2051; x_wconf 76' lang='lat'>22</span> <span class='ocrx_word' id='word_1_240' title='bbox 487 2018 581 2052; x_wconf 78' lang='lat' dir='ltr'>Fest.</span> <span class='ocrx_word' id='word_1_241' title='bbox 603 2030 636 2062; x_wconf 88' lang='lat' dir='ltr'>p.</span> <span class='ocrx_word' id='word_1_242' title='bbox 662 2022 738 2060; x_wconf 76' lang='lat'>190,</span> <span class='ocrx_word' id='word_1_243' title='bbox 760 2022 801 2052; x_wconf 78' lang='lat'>‘21</span> <span class='ocrx_word' id='word_1_244' title='bbox 831 2018 944 2062; x_wconf 70' lang='lat' dir='ltr'>(Paul.</span> <span class='ocrx_word' id='word_1_245' title='bbox 966 2030 1000 2062; x_wconf 87' lang='lat' dir='ltr'>p.</span> <span class='ocrx_word' id='word_1_246' title='bbox 1024 2022 1078 2061; x_wconf 73' lang='lat'>97,</span> <span class='ocrx_word' id='word_1_247' title='bbox 1099 2020 1132 2061; x_wconf 74' lang='grc'>8)</span> <span class='ocrx_word' id='word_1_248' title='bbox 1290 2022 1332 2052; x_wconf 80' lang='lat'>26</span> <span class='ocrx_word' id='word_1_249' title='bbox 1358 2018 1453 2053; x_wconf 74' lang='lat' dir='ltr'>Plin.</span> 
     </span>
    </p>
   </div>
   <div class='ocr_carea' id='block_1_10' title="bbox 118 2143 335 2148">
    <p class='ocr_par' dir='ltr' id='par_1_12' title="bbox 118 2143 335 2148">
     <span class='ocr_line' id='line_1_34' title="bbox 118 2143 335 2148; baseline 0 0"><span class='ocrx_word' id='word_1_250' title='bbox 118 2143 335 2148; x_wconf 95' lang='lat' dir='ltr'> </span> 
     </span>
    </p>
   </div>
   <div class='ocr_carea' id='block_1_11' title="bbox 116 2195 1453 2332">
    <p class='ocr_par' dir='ltr' id='par_1_13' title="bbox 116 2195 1453 2332">
     <span class='ocr_line' id='line_1_35' title="bbox 213 2195 1452 2241; baseline 0.001 -14"><span class='ocrx_word' id='word_1_251' title='bbox 213 2198 230 2227; x_wconf 89' lang='lat'>1</span> <span class='ocrx_word' id='word_1_252' title='bbox 252 2205 331 2228; x_wconf 83' lang='lat' dir='ltr'>esse</span> <span class='ocrx_word' id='word_1_253' title='bbox 347 2195 464 2229; x_wconf 79' lang='lat' dir='ltr'>Maer.</span> <span class='ocrx_word' id='word_1_254' title='bbox 486 2204 565 2228; x_wconf 86' lang='lat' dir='ltr'>esse</span> <span class='ocrx_word' id='word_1_255' title='bbox 585 2195 692 2228; x_wconf 85' lang='lat' dir='ltr'>eredo</span> <span class='ocrx_word' id='word_1_256' title='bbox 709 2195 869 2238; x_wconf 85' lang='lat' dir='ltr'>(credam</span> <span class='ocrx_word' id='word_1_257' title='bbox 882 2196 920 2238; x_wconf 88' lang='lat' dir='ltr'>P)</span> <span class='ocrx_word' id='word_1_258' title='bbox 936 2208 962 2228; x_wconf 92' lang='grc' dir='ltr'><em>ω</em></span> <span class='ocrx_word' id='word_1_259' title='bbox 978 2206 1056 2229; x_wconf 87' lang='grc'><strong>0000</strong></span> <span class='ocrx_word' id='word_1_260' title='bbox 1071 2195 1188 2229; x_wconf 87' lang='lat' dir='ltr'>credis</span> <span class='ocrx_word' id='word_1_261' title='bbox 1204 2206 1225 2233; x_wconf 83' lang='grc' dir='ltr'><strong><em>ς</em></strong></span> <span class='ocrx_word' id='word_1_262' title='bbox 1238 2195 1250 2241; x_wconf 77' lang='grc' dir='ltr'><em>Η</em></span> <span class='ocrx_word' id='word_1_263' title='bbox 1266 2199 1306 2228; x_wconf 92' lang='grc'>12</span> <span class='ocrx_word' id='word_1_264' title='bbox 1328 2195 1452 2229; x_wconf 86' lang='lat' dir='ltr'>multi-</span> 
     </span>
     <span class='ocr_line' id='line_1_36' title="bbox 116 2240 1453 2287; baseline 0.001 -13"><span class='ocrx_word' id='word_1_265' title='bbox 116 2240 233 2275; x_wconf 81' lang='lat' dir='ltr'>fariae</span> <span class='ocrx_word' id='word_1_266' title='bbox 254 2252 274 2278; x_wconf 88' lang='grc' dir='ltr'><strong><em>ς</em></strong></span> <span class='ocrx_word' id='word_1_267' title='bbox 299 2253 345 2275; x_wconf 89' lang='lat' dir='ltr'>m.</span> <span class='ocrx_word' id='word_1_268' title='bbox 368 2242 405 2275; x_wconf 81' lang='lat' dir='ltr'>et</span> <span class='ocrx_word' id='word_1_269' title='bbox 423 2253 453 2275; x_wconf 86' lang='lat' dir='ltr'>v.</span> <span class='ocrx_word' id='word_1_270' title='bbox 476 2242 573 2276; x_wconf 69' lang='lat' dir='ltr'>Lion</span> <span class='ocrx_word' id='word_1_271' title='bbox 592 2243 602 2285; x_wconf 86' lang='grc' dir='ltr'>ΙΙ</span> <span class='ocrx_word' id='word_1_272' title='bbox 623 2245 666 2275; x_wconf 88' lang='grc'>20</span> <span class='ocrx_word' id='word_1_273' title='bbox 692 2241 770 2276; x_wconf 88' lang='lat' dir='ltr'>Hae</span> <span class='ocrx_word' id='word_1_274' title='bbox 793 2253 813 2279; x_wconf 81' lang='grc' dir='ltr'>ς</span> <span class='ocrx_word' id='word_1_275' title='bbox 833 2244 882 2287; x_wconf 76' lang='grc' dir='ltr'>Η2</span> <span class='ocrx_word' id='word_1_276' title='bbox 888 2241 983 2276; x_wconf 84' lang='grc'><strong>21111</strong></span> <span class='ocrx_word' id='word_1_277' title='bbox 1003 2246 1031 2275; x_wconf 87' lang='lat' dir='ltr'>V</span> <span class='ocrx_word' id='word_1_278' title='bbox 1052 2243 1090 2276; x_wconf 92' lang='lat' dir='ltr'>hi</span> <span class='ocrx_word' id='word_1_279' title='bbox 1109 2246 1134 2275; x_wconf 84' lang='lat' dir='ltr'>P</span> <span class='ocrx_word' id='word_1_280' title='bbox 1155 2254 1219 2277; x_wconf 86' lang='lat' dir='ltr'>om</span> <span class='ocrx_word' id='word_1_281' title='bbox 1241 2246 1271 2275; x_wconf 83' lang='lat' dir='ltr'>R</span> <span class='ocrx_word' id='word_1_282' title='bbox 1289 2244 1299 2286; x_wconf 78' lang='grc' dir='ltr'>Η</span> <span class='ocrx_word' id='word_1_283' title='bbox 1320 2246 1363 2276; x_wconf 80' lang='grc'>25</span> <span class='ocrx_word' id='word_1_284' title='bbox 1390 2253 1453 2287; x_wconf 84' lang='lat' dir='ltr'>ge—</span> 
     </span>
     <span class='ocr_line' id='line_1_37' title="bbox 117 2290 717 2332; baseline 0.002 -11"><span class='ocrx_word' id='word_1_285' title='bbox 117 2290 286 2321; x_wconf 83' lang='lat' dir='ltr'>neratum</span> <span class='ocrx_word' id='word_1_286' title='bbox 307 2299 328 2325; x_wconf 87' lang='grc' dir='ltr'>ς</span> <span class='ocrx_word' id='word_1_287' title='bbox 347 2290 357 2332; x_wconf 80' lang='grc'>11</span> <span class='ocrx_word' id='word_1_288' title='bbox 378 2291 420 2321; x_wconf 89' lang='grc'>26</span> <span class='ocrx_word' id='word_1_289' title='bbox 448 2290 670 2332; x_wconf 83' lang='lat' dir='ltr'>senatusque</span> <span class='ocrx_word' id='word_1_290' title='bbox 691 2302 717 2322; x_wconf 91' lang='grc' dir='ltr'><em>ω</em></span> 
     </span>
    </p>
   </div>
  </div>
 </body>
</html>
