1617 2484
652 53 701 87 IV
730 57 787 94 18;
817 57 857 86 19
1340 53 1422 92 207

91 163 191 203 tiam
226 162 274 202 de
309 160 504 215 Scipione
536 162 747 203 ferendam
783 164 1045 214 convenerat7
1076 161 1222 202 relicto
1256 161 1425 201 tribuno

93 220 333 274 Scipionem
367 222 410 261 in
437 220 692 274 Capitolium
727 221 926 260 comitata
955 223 1080 273 atque
1107 220 1201 260 inde
1228 220 1278 260 ad
1305 220 1425 260 aedes

91 281 179 320 eius
207 294 301 320 cum
326 280 486 320 laetitia
513 283 554 320 et
580 280 860 333 gratulatione
888 280 1080 319 sollemni
1108 282 1329 332 prosecuta
1353 282 1424 319 est.

95 338 240 379 Fertur
283 340 407 379 etiam
454 339 633 392 0111110,
678 353 783 391 quae
828 339 992 378 videtur
1029 338 1172 378 habita
1211 353 1258 378 eo
1299 338 1363 378 die
1401 352 1423 378 a
1463 349 1482 376 ‹;

55 418 69 442 5
91 397 326 451 Scipione
353 397 513 448 (oRffl
526 413 566 450 y).
589 402 645 451 (ξ),
678 400 719 437 et
751 398 822 450 qui
857 397 1000 437 dicunt
1032 412 1122 437 eam
1156 412 1240 437 non
1272 411 1424 448 veram,

89 471 174 496 non
200 460 300 497 eunt
324 457 493 509 infitias,
520 457 622 509 quin
648 456 751 497 haec
777 456 945 509 quidem
973 456 1099 497 verba
1124 456 1292 507 fuerint,
1319 470 1424 508 quae

90 516 193 567 dixi,
227 514 492 569 Scipionis.

176 573 281 615 Item
333 575 445 615 aliud
496 577 558 615 est
601 576 758 614 factum
804 574 892 614 eius
938 575 1209 627 praeclarum.
1284 573 1421 614 Petilii
1464 583 1483 613 7

89 634 258 686 quidam
292 634 450 674 tribuni
481 633 616 687 plebis
648 650 672 673 a
704 633 770 685 M„
802 636 849 673 ut
880 634 1015 686 aiunt,
1051 633 1220 680 Catone,
1254 633 1423 673 inimico

37 711 68 737 10
90 690 316 746 Scipionis,
361 693 590 746 comparati
634 693 678 732 in
722 707 816 733 eum
855 695 981 745 atque
1019 692 1181 732 inmissi
1221 692 1422 732 desidera-

88 751 190 792 bant
221 752 264 791 in
296 754 443 792 senatu
476 752 795 804 instantissime,
831 754 878 791 ut
910 751 1110 804 pecuniae
1142 749 1423 791 Antiochinae

86 810 346 863 praedaeque
372 811 416 851 in
442 825 490 851 eo
518 811 629 851 bello
657 814 803 864 captae
825 810 1032 850 rationem
1052 810 1259 855 redderet;
1286 810 1423 850 fuerat
1461 822 1480 847 «κέ

87 869 197 910 enim
230 869 274 910 L.
303 868 490 923 Scipioni
519 869 719 921 Asiatico,
751 870 871 910 fratri
904 883 992 922 3110,
1024 869 1267 922 imperatori
1302 869 1343 909 in
1376 884 1423 909 ea

87 929 301 981 provincia
332 929 507 983 legatus.
564 928 628 969 Ibi
656 928 797 982 Scipio
828 929 996 982 exurgit
1022 931 1063 968 et
1089 929 1253 981 prolato
1281 943 1301 967 e
1329 928 1421 967 sinu
1462 938 1480 965 9

34 1007 65 1031 15
86 990 210 1041 togae
253 987 360 1028 libro
404 989 588 1028 rationes
632 987 676 1027 in
713 1002 762 1028 eo
801 988 977 1040 scriptas
1015 1002 1103 1027 esse
1143 987 1248 1027 dixit
1288 987 1422 1026 omnis

87 1046 287 1099 pecuniae
315 1047 534 1099 omnisque
561 1047 755 1100 praedae3
788 1046 965 1099 illatum,
994 1049 1041 1086 ut
1066 1047 1205 1099 palam
1232 1045 1421 1086 recitare-
1440 1054 1482 1083 10

86 1108 154 1145 tur
186 1108 226 1146 et
259 1106 309 1146 ad
341 1106 545 1146 aerarium
580 1106 820 1146 deferretur.
878 1104 975 1145 <Sed
1008 1106 1118 1145 enim
1151 1105 1193 1145 id
1225 1105 1307 1145 iam
1337 1119 1422 1145 non
1439 1114 1478 1142 11

85 1164 252 1204 faciain'
284 1165 422 1217 inquit
454 1164 546 1205 “nec
578 1179 643 1205 me
675 1165 765 1218 ipse
797 1164 979 1205 afficiam
1006 1163 1275 1204 contunielia'
1309 1172 1480 1204 eum-12

86 1237 166 1275 que
214 1223 369 1263 librum
421 1224 563 1264 statim
616 1238 755 1264 coram
804 1223 970 1263 discidit
1014 1224 1098 1263 suis
1143 1223 1336 1263 manibus
1382 1226 1422 1262 et

32 1300 65 1324 20
86 1283 320 1336 concerpsit
351 1297 474 1337 aegre
499 1297 659 1335 passus,
692 1283 816 1335 quod,
849 1282 915 1322 cui
943 1281 1053 1322 salus
1080 1282 1245 1335 imperii
1272 1296 1318 1322 ac
1344 1281 1421 1321 rei-

85 1340 279 1394 publicae
311 1344 481 1394 accepta
506 1342 606 1382 ferri
633 1342 812 1394 deberet,
843 1341 1050 1381 rationem
1078 1341 1279 1394 pecuniae
1306 1355 1421 1394 prae-

85 1400 260 1441 daticiae
293 1403 545 1454 posceretur.

700 1517 799 1558 XIX

84 1597 179 1638 Quid
211 1597 257 1631 M.
286 1597 400 1632 Varro
439 1599 476 1631 in
514 1598 727 1643 logistorico
766 1598 952 1642 scripserit
989 1599 1033 1631 de
1065 1598 1288 1632 moderando
1321 1598 1420 1631 victu

31 1655 63 1680 25
130 1656 325 1688 puerorum
350 1646 555 1689 inpubium.

170 1727 327 1770 Pueros
371 1730 549 1783 inpubes
595 1732 843 1783 conpertum
888 1732 967 1781 est,
1018 1730 1051 1769 si
1096 1730 1279 1782 plurimo
1324 1729 1417 1769 cibo
1459 1739 1476 1768 1

82 1788 305 1841 nimioque(
333 1803 480 1829 somno
512 1791 747 1842 uterentur,
784 1788 1020 1830 hebetiores
1053 1788 1143 1828 fieri
1175 1789 1227 1828 ad
1258 1789 1419 1828 veterni

82 1861 215 1899 usque
241 1849 314 1887 aut
339 1848 447 1888 eluci
473 1848 725 1901 tarditatem,
753 1861 1011 1902 corporaque
1036 1861 1178 1888 eorum
1201 1847 1419 1900 inprocera

179 1988 198 2017 S
213 1997 264 2028 sq.
292 1985 313 2019 l.
336 1986 358 2019 l.
380 1986 474 2020 Plut.
498 1986 573 2020 Cat.
595 1987 721 2020 maior.
746 1991 787 2020 15

177 2107 195 2136 2
235 2104 272 2136 in
306 2103 390 2147 Cap.
424 2116 488 2137 om.
521 2108 546 2137 P
575 2106 578 2148 Ι
608 2105 711 2138 sedes
743 2108 768 2137 P
793 2106 804 2148 ΙῙ
829 2108 847 2137 9
887 2104 1069 2147 quaedam
1100 2107 1130 2136 R
1162 2104 1311 2147 quidem
1342 2104 1388 2136 V¹
1408 2104 1419 2149 11

84 2153 126 2182 12
159 2152 268 2194 capta
299 2153 378 2184 erat
404 2164 448 2192 ω,
482 2152 575 2185 uncle
599 2152 831 2196 praedaeque
859 2162 953 2194 quae
974 2162 1014 2193 ς,·
1040 2162 1128 2185 corr.
1149 2152 1239 2186 JGr.
1261 2153 1271 2194 11
1294 2154 1334 2184 13
1362 2151 1416 2195 ij

81 2195 167 2230 lelio
187 2201 217 2230 R
245 2198 248 2240 Ι
278 2198 399 2232 asiaco
421 2212 447 2231 ω
475 2198 658 2242 Asiageno
682 2200 787 2233 Mms.
822 2200 832 2242 [Ι
866 2202 907 2231 16
934 2198 1089 2232 allatum
1111 2198 1238 2232 Carrio
1261 2210 1313 2242 pr.
1335 2197 1417 2231 illa-

82 2244 142 2277 tae
168 2244 226 2278 811.
258 2246 269 2288 11
302 2249 343 2278 ‘21
375 2245 519 2279 ratione
544 2249 605 2278 PV
628 2247 631 2289 Ι
653 2246 880 2290 praedaceae
906 2248 935 2278 R
960 2246 1112 2289 predate
1138 2249 1163 2278 P
1188 2245 1362 2288 predacte
1388 2248 1416 2277 V

82 2302 170 2325 corr.
194 2292 275 2325 Alci.
297 2293 308 2336 ΙΙ
329 2295 372 2325 24
397 2291 499 2336 longi
526 2292 680 2326 historia
701 2307 726 2326 ω
753 2304 840 2327 corr.
864 2304 883 2326 6
908 2292 1099 2336 logistoria
1120 2293 1231 2327 Hertz
