1617 2484
639 74 684 107 vi
715 74 806 117 ‹vm
836 78 875 107 ιυ
1343 71 1425 110 277

94 182 251 233 dabit,
289 182 555 235 quominus
595 183 792 237 collega
830 198 915 222 sua
956 184 1209 235 potestate
1242 182 1430 230 utatur,

93 255 188 281 non
224 241 598 281 intercedemus.

188 299 284 340 l'ost
304 299 385 339 hoc
399 300 608 339 decretum
629 314 721 339 cum
739 299 984 353 Augurinus
999 299 1193 339 tribunus
1214 297 1252 337 L.
1271 296 1430 349 Scipio·
1447 309 1466 336 ι’,

94 373 186 398 110111
231 359 399 411 praedes
439 373 520 398 nou
562 359 726 398 dautem
771 359 914 411 prendi
948 361 989 398 et
1022 359 1064 397 in
1097 370 1302 397 carcerem
1337 356 1429 395 duci

61 418 302 469 5iussisset,
345 421 446 457 tunc
483 417 675 457 Tiberius
715 417 988 471 Sempronius
1029 415 1239 457 Gracchus
1277 418 1325 455 tr.
1366 415 1433 467 pl.‚

96 479 214 529 pater
252 475 391 516 Tiberi
437 479 563 529 atque
601 476 642 516 (3.
681 476 982 529 Gracchorum,
1028 490 1119 515 cum
1166 473 1209 515 P.
1244 473 1430 526 Scipioni

96 534 295 575 Africano
348 536 541 575 inimicus
586 536 724 588 gravis
770 536 822 575 ob
868 536 1088 588 plerasque
1132 535 1175 573 in
1218 532 1434 586 republica

95 594 374 634 dissensiones
420 597 545 648 esset,
592 595 743 634 iuravit
780 595 919 648 palam
959 595 1002 633 in
1040 593 1269 633 amicitiam
1308 592 1434 643 inque

96 653 271 705 gratiam
320 667 362 693 se
407 666 501 692 cum
541 652 583 693 P.
621 653 818 693 Africano
863 668 947 693 non
991 653 1164 704 redisse,
1208 654 1333 703 atque
1378 651 1435 689 ita

44 730 77 753 10
97 712 307 751 decretum
343 726 392 751 ex
425 712 569 752 tabula
601 713 804 752 recitavit.

185 769 288 810 Eius
321 771 475 811 decreti
511 771 635 811 verba
668 772 769 811 haec
802 774 919 811 sunt:
947 770 1063 810 (311111
1097 769 1141 809 L.
1170 769 1469 808 Cornelius?

98 828 269 881 Scipio
302 828 560 869 Asiaticus
600 830 918 883 triumphans
951 829 1172 869 hostium
1207 828 1354 867 duces
1389 827 1435 866 in

98 901 343 928 carcerem
408 889 730 940 coniectarit,
793 889 1011 928 alienum
1074 887 1274 927 videtur
1330 900 1437 925 esse

97 947 349 999 dignitate
386 948 703 1000 reipublicae
740 948 789 987 in
828 962 932 988 eum
970 948 1134 987 locum
1167 947 1436 999 imperato-

45 1024 76 1047 15
98 1020 197 1046 rem
232 1006 406 1058 populi
432 1006 644 1046 Romani
677 1007 809 1059 duci,
841 1008 890 1046 in
923 1020 1064 1059 quem
1097 1006 1258 1045 10011111
1295 1004 1351 1043 ab
1382 1018 1435 1043 eo

99 1065 317 1105 coniecti
357 1068 472 1105 sunt
511 1066 659 1106 duces
697 1066 936 1117 hostiurm
975 1065 1145 1117 itaque
1178 1063 1221 1103 L.
1257 1062 1437 1103 Corne-

97 1124 217 1163 lium
259 1123 546 1176 Scipionem
587 1123 867 1165 Asiaticum
915 1139 938 1164 a
976 1124 1203 1177 collegae
1242 1123 1287 1162 vi
1327 1136 1436 1175 pro-

99 1182 260 1222 hibeo.

189 1240 423 1281 Valerius
459 1245 598 1282 autem
632 1241 811 1282 Antias
844 1244 913 1293 (fr.
941 1245 994 1281 45
1017 1256 1057 1293 [1.
1084 1244 1163 1281 171
1191 1240 1260 1293 P.)
1294 1242 1473 1279 contras¹

47 1318 80 1341 20
99 1299 207 1340 hanc
239 1301 500 1340 decretorum
535 1302 779 1341 memoriam
815 1304 1043 1353 contraque
1076 1300 1348 1340 auctoritates
1374 1312 1438 1338 ve-

99 1362 234 1399 terum
275 1359 489 1399 annalium
529 1363 625 1412 post
657 1359 847 1400 Africani
886 1362 1064 1400 mortem
1098 1358 1439 1399 intercessionem

100 1418 222 1458 istam
274 1432 350 1471 pro
397 1416 594 1471 Scipione
638 1417 826 1459 Asiatico
869 1419 1025 1458 factam
1071 1432 1160 1458 esse
1204 1432 1227 1457 a
1270 1415 1440 1456 Tiberio

101 1475 290 1517 Graccho
329 1477 436 1517 dixit
472 1491 608 1530 neque
646 1478 822 1518 multam
862 1478 1089 1532 irrogatam
1124 1472 1331 1529 Scipioni,
1370 1475 1441 1515 sed

101 1535 344 1576 damnatum
384 1551 477 1576 eum
518 1537 736 1589 peculatus
777 1537 829 1577 ob
865 1535 1167 1577 Antiochinam
1207 1534 1442 1588 pecuniam,

48 1611 80 1635 25
101 1595 200 1647 quia
232 1595 404 1647 praedes
436 1609 522 1635 non
555 1595 681 1648 daret,
715 1596 757 1635 in
791 1609 997 1636 carcerem
1031 1595 1126 1634 duci
1159 1597 1355 1647 coeptum
1383 1596 1441 1632 at-

101 1668 181 1705 que
214 1654 272 1693 ita
304 1654 586 1694 intercedente
620 1653 808 1694 Graccho
841 1657 1096 1707 exemptum.

197 1808 308 1847 3sqq.
342 1804 363 1837 l.
392 1804 414 1837 l.
443 1804 513 1837 Cic.
541 1816 639 1848 prov.
669 1816 764 1838 cons.
793 1805 874 1839 VIII
903 1808 944 1838 18
976 1804 1056 1837 Val.
1080 1804 1174 1837 Max.
1196 1803 1245 1837 IV
1267 1808 1297 1845 17
1319 1806 1339 1836 8
1373 1802 1442 1835 Dio

102 1850 198 1885 Cass.
222 1852 262 1884 fr.
286 1854 328 1884 6'2
344 1851 390 1885 M.
418 1851 558 1895 Ampel.
581 1851 663 1884 XIX
684 1856 703 1885 3
731 1853 815 1886 Aur.
837 1851 932 1885 Vict.
954 1864 984 1886 v.
1006 1851 1056 1884 ill.
1080 1854 1140 1893 533
1162 1854 1203 1884 57

196 1996 216 2025 ὕ
243 1992 405 2035 scipione
432 2006 458 2025 ω
485 1996 495 2033 Η
521 1996 540 2025 8
568 2003 646 2027 esse
674 2006 700 2026 ω
720 1995 730 2036 Η
753 1997 795 2026 14
823 2004 844 2025 a
870 1992 970 2036 dign.
998 1996 1027 2025 R
1047 1995 1058 2036 Η
1078 1996 1121 2026 24
1148 1991 1360 2036 speculatus
1385 1994 1414 2023 B
1437 1991 1440 2036 1

104 2038 328 2072 antiochiam
348 2040 428 2072 P¹R
447 2042 457 2082 fi!
478 2043 520 2072 *25
549 2040 611 2082 qui
633 2053 658 2073 ω
