1617 2484
682 79 729 113 [II
756 83 864 122 9310
1371 79 1452 119 159

103 186 175 239 qui
212 185 477 228 Dolabellam
521 187 758 240 obsederat,
801 187 1035 228 abduxisse.
1103 187 1213 227 Eum
1253 186 1479 227 Cassium5

102 248 249 299 postea
281 245 383 286 satis
415 249 562 286 notum
597 249 659 286 esi:
688 246 809 286 victis
837 246 1027 299 partibus
1053 246 1232 299 fusoque
1258 246 1443 286 exercitu

103 318 178 344 suo
212 304 405 345 miseram
440 307 617 345 mortem
647 305 876 359 oppetisse3
909 304 1057 345 deinde
1087 308 1184 358 post
1209 303 1443 345 Antonium

101 365 200 416 post
231 363 447 404 interitum
476 362 607 403 Cassii
641 366 761 416 parba
792 363 970 404 victoria
999 377 1152 416 equum
1181 364 1300 404 illum
1328 363 1445 403 nobi-

67 423 184 463 5lem
218 420 349 462 Cassii
386 422 611 475 requisisse
643 425 701 474 et,
740 437 834 463 eum
868 436 915 463 eo
949 422 1110 475 potitus
1143 425 1268 474 esseb,
1306 422 1444 475 ipsum

103 494 271 534 quoque
302 483 449 534 postea
475 481 633 521 vicbum
660 484 787 533 atque
813 481 1023 522 desertum
1051 480 1288 522 deizestabili
1315 480 1444 521 exitio

102 539 304 580 interisse.
368 538 480 580 Hinc
517 539 787 593 proverbium
826 540 875 580 de
912 539 1156 580 hominibus
1189 539 1480 580 calamitosisss

103 601 242 639 ortum
264 597 429 651 dicique
450 598 639 639 solitum:
662 598 748 639 ‘ille
762 598 890 639 homo
906 598 1034 639 habet
1048 613 1201 652 equum
1218 597 1444 639 Seianum’.

190 656 349 698 Eadem
383 657 590 698 sententia
619 660 682 698 est
707 657 821 698 illius
849 671 1016 710 quoque
1043 657 1194 698 veteris
1222 656 1480 710 proverbii,7

49 732 82 757 10
102 716 215 769 quod
241 715 300 756 ita
326 715 484 756 dictum
511 716 767 769 accepimus:
800 715 964 756 eaurum
991 716 1277 756 Tolosanum'.
1333 714 1444 756 Nam

103 789 197 816 eum
225 774 428 828 oppidum
456 774 713 815 Tolosanum
734 775 779 815 in
798 778 909 816 terra
930 773 1066 815 Gallia
1086 774 1267 823 Quintus
1289 772 1444 827 Caepio

103 833 250 875 consul
282 833 525 887 diripuisset
557 834 824 886 mustumque
855 834 945 874 auri
978 834 1022 874 in
1055 833 1143 874 eius
1170 833 1316 886 oppidi
1342 836 1446 874 tem-

102 892 184 946 plis
220 891 388 945 fuisset,
425 892 616 946 quisquis
655 907 705 933 ex
744 907 791 933 ea
829 892 1065 946 direptione
1103 906 1252 932 aurum
1290 891 1446 946 attigit,

102 950 254 992 misero
288 951 589 1004 cruciabilique
622 951 737 992 exiizu
770 951 906 1004 periit.

50 1027 82 1052 15
191 1008 317 1050 Hunc
349 1023 503 1062 equum
538 1008 724 1050 Gavius
756 1009 941 1051 Bassus
972 1009 1127 1050 vidisse
1158 1007 1286 1064 Argis
1318 1008 1480 1049 refert&

102 1068 207 1109 haut
233 1068 422 1109 credibili
442 1069 726 1122 pulcritudine
746 1069 975 1123 vigoreque
996 1071 1037 1109 eb
1057 1069 1198 1109 colore
1218 1067 1446 1108 exuberan-

102 1127 279 1168 tissimo.

193 1185 326 1235 Quem
364 1187 548 1227 colorem
586 1200 682 1239 nos,
722 1186 847 1227 sicubi
885 1186 990 1239 dixi,
1029 1185 1307 1239 ‘poeniceum'
1348 1184 1480 1225 dici-9

104 1259 216 1298 mus,
260 1242 407 1286 Graeci
445 1245 599 1299 partim
639 1246 837 1298 φοίνικα,
881 1244 953 1285 alii
992 1244 1181 1285 σπάδικα
1217 1244 1446 1297 appellant,

50 1319 84 1346 20
104 1303 304 1357 quonjam
337 1304 503 1357 palmae
534 1307 688 1345 termes
721 1318 771 1344 ex
803 1304 952 1345 arbore
984 1317 1079 1344 cum
1108 1303 1249 1344 fructu
1275 1302 1446 1343 avulsus

106 1362 283 1416 ‘spadix'
319 1362 482 1404 dicibur.

755 1467 795 1508 X

105 1548 210 1590 Quod
239 1548 296 1582 est
321 1548 504 1591 quaedam
531 1547 732 1592 septenarii
758 1548 900 1582 numeri
926 1548 980 1582 vis
1007 1549 1045 1582 et
1070 1547 1229 1582 facultas
1255 1546 1293 1580 in
1319 1545 1446 1580 multis

151 1596 306 1629 naturae
331 1595 440 1629 rebus
467 1595 734 1639 animadversa,
761 1595 806 1629 de
832 1605 906 1638 qua
931 1594 978 1628 M.
1000 1594 1115 1629 Varro
1141 1595 1180 1629 in
1205 1593 1447 1628 hebdomadi-

51 1650 84 1676 25
151 1642 220 1676 bus
247 1642 396 1676 disserit
422 1642 578 1686 copiose.

193 1725 249 1766 M.
280 1725 439 1768 Varro
478 1726 523 1766 in
560 1726 720 1780 primo
751 1726 1017 1778 librorum,
1055 1725 1127 1778 qui
1159 1724 1479 1765 inscribunturl

104 1784 441 1826 hebdomades
481 1785 549 1825 vel
586 1785 644 1826 de
682 1784 991 1839 imaginibus
1031 1783 1170 1837 (simp.
1201 1784 1285 1825 255
1317 1781 1447 1836 Rip),

202 1915 220 1945 7
249 1911 311 1946 cfr.
334 1911 437 1954 Otto,
465 1910 639 1955 Sprichw.
662 1924 696 1955 p.
719 1915 786 1945 315
931 1914 950 1944 9
966 1922 1043 1954 sqq.
1070 1910 1198 1944 lustin.
1220 1909 1353 1942 XXXII
1373 1912 1404 1950 3,
1427 1912 1446 1942 9

105 1958 176 1993 Dio
200 1958 299 1993 Cass.
320 1958 362 1992 fr.
385 1962 429 1992 88
445 1958 493 1992 M.
522 1958 640 1992 Strab.
661 1958 711 1992 IV
733 1963 762 2001 1,
786 1962 828 1992 13
848 1970 882 2002 Ρ,
906 1961 972 1992 188
1000 1957 1097 1999 Otto,
1125 1956 1300 2002 Spriehw,
1322 1969 1356 2000 p.
1379 1959 1446 1990 350

155 2010 199 2039 14
218 2006 335 2040 Amm.
348 2005 432 2039 XIV
445 2009 498 2049 11,
512 2009 555 2039 24
567 2005 684 2039 XXIII
695 2009 726 2047 5,
741 2008 781 2039 17
871 2008 912 2039 18
925 2016 1002 2049 sqq.
1023 2004 1057 2038 Π
1067 2008 1123 2046 26,
1135 2007 1154 2038 9
1167 2015 1219 2047 sq.
1312 2006 1354 2037 26
1368 2014 1445 2046 sqq.

108 2053 155 2086 ad
177 2054 297 2087 totum
317 2053 430 2097 capul]
449 2052 511 2086 cfr.
527 2052 638 2086 Macr.
655 2063 767 2087 somn.
782 2052 799 2086 I
813 2056 832 2086 6
852 2052 959 2086 Maria.
976 2051 1062 2096 Cap.
1078 2051 1124 2096 (Π
1139 2053 1218 2095 108)
1233 2050 1300 2085 VII
1314 2053 1380 2084 738
1394 2061 1445 2092 sq.
1508 2088 1513 2095 .

107 2099 203 2134 SerV.
224 2099 273 2144 pl.
295 2099 359 2133 ecl.
382 2099 465 2133 VIII
486 2103 528 2133 75
554 2099 682 2144 Eulog.
705 2111 818 2134 somn.
840 2111 874 2143 p.
898 2102 915 2132 7
931 2099 974 2132 H.

203 2219 222 2250 2
249 2216 392 2261 parthis
413 2218 451 2261 (p
471 2227 515 2251 eoe
533 2217 597 2261 ph)
617 2221 646 2250 R
665 2219 676 2261 Η
698 2220 738 2251 11
761 2216 884 2251 Gallia
903 2218 1083 2252 Erasmus
1101 2215 1209 2250 stalia
1229 2215 1306 2259 (aih.
1320 2215 1363 2257 R)
1382 2217 1448 2246 RV

107 2262 237 2297 italica
256 2267 281 2296 P
303 2263 307 2310 Ι
331 2264 447 2308 scipio
467 2267 492 2296 P
511 2265 522 2307 ΙΙ
543 2268 586 2297 14
612 2264 710 2308 perit
727 2267 756 2296 V
775 2266 786 2308 Η
808 2268 850 2298 15
874 2264 1016 2298 uidisse
1042 2274 1080 2298 se
1101 2274 1122 2300 ς
1140 2265 1152 2306 ΙΙ
1174 2266 1215 2296 16
1242 2261 1365 2306 exub]
1385 2263 1448 2294 ΤΥ

109 2321 214 2354 exup.
237 2323 263 2343 ω
283 2311 294 2354 ΙΙ
316 2314 358 2345 18
385 2311 542 2345 dicimus
568 2322 633 2346 om.
654 2314 683 2344 V
710 2311 867 2345 dicimus
893 2311 965 2345 huc
989 2322 1106 2354 usque
1125 2315 1151 2344 P
