1617 2484
648 530 701 575 A.
741 529 951 576 GELLII

167 640 471 695 NOCTIVM
515 638 910 693 ATTIGARVM
955 638 1170 691 LIBER
1213 636 1436 691 NONVS

796 867 815 908 Ι

136 950 379 992 Quamobrem
419 949 575 991 Quintus
614 948 789 983 Claudius
823 947 1089 992 Quadrigarius
1127 948 1165 980 in
1203 946 1476 981 undevicesimo

183 997 308 1032 annali
342 997 529 1041 scripserit
553 996 727 1031 rectiores
755 995 1000 1037 certioresque
1027 995 1122 1028 ictus
1149 994 1243 1036 fieri,
1277 994 1307 1027 si
1334 1005 1476 1027 sursum

183 1044 271 1088 quid
297 1045 441 1086 mittas,
469 1054 579 1086 quam
606 1044 637 1077 si
665 1043 843 1077 deorsum.

225 1127 442 1177 Quintus
488 1127 727 1169 Claudius
775 1128 819 1167 in
867 1126 1243 1167 undevicesimo
1289 1125 1509 1177 annali‚1

135 1201 231 1228 cum
265 1187 468 1241 oppidum
500 1202 524 1227 a
555 1186 727 1227 Metello
760 1186 1012 1239 proconsule
1045 1184 1296 1239 oppugnari,
1331 1186 1477 1224 contra

135 1246 188 1287 ab
228 1246 450 1300 oppidanis
489 1246 667 1299 desuper
702 1260 723 1285 e
755 1245 886 1285 muris
918 1244 1179 1298 propugnari
1212 1242 1478 1295 describeret,

84 1321 116 1346 10
135 1305 194 1345 ita
226 1305 395 1358 scripsit
426 1305 496 1357 (fr.
525 1306 578 1345 &5
605 1304 692 1358 P.):
733 1302 1045 1357 Sagittarius
1078 1316 1185 1342 cum
1217 1301 1478 1342 funditore

136 1363 390 1416 utrimque
441 1377 629 1404 summo
681 1362 849 1403 studio
894 1363 1142 1415 spargunt
1184 1359 1478 1401 fortissime.

137 1420 230 1463 Sed
274 1423 513 1477 Sagittam
558 1425 707 1474 atque
751 1421 969 1474 lapidem
1009 1420 1238 1460 deorsum
1277 1433 1337 1459 an
1375 1433 1479 1459 sur-

138 1495 242 1521 sum
281 1481 471 1533 mittas,
508 1481 602 1521 hoc
633 1480 865 1520 interest:
904 1493 1013 1519 nam
1045 1480 1277 1518 neutrum
1310 1479 1481 1531 potest

138 1539 367 1580 deorsum
394 1553 591 1580 versum
617 1541 753 1579 recte
779 1538 932 1590 mitti,
958 1537 1041 1578 sed
1069 1550 1264 1577 sursum
1290 1538 1480 1576 utrum—

85 1613 117 1640 15
138 1611 232 1651 que
270 1599 470 1652 optime.
533 1596 693 1646 Quare
730 1597 922 1637 milites
953 1595 1150 1636 Metelli
1185 1594 1481 1634 sauciaban—

137 1659 219 1697 tur
250 1657 408 1697 multo
440 1657 603 1697 minus
636 1658 700 1708 et,
739 1655 870 1708 quod
902 1654 1114 1695 maxime
1146 1667 1269 1706 opus
1303 1654 1426 1705 erat,
1458 1666 1482 1692 a

138 1715 309 1769 pinnis
346 1715 511 1755 hostis
551 1714 889 1755 defendebant
925 1712 1174 1753 facillime
1208 1711 1480 1751 funditore.

228 1773 512 1814 Percontabar
549 1787 628 1827 ego
661 1771 937 1813 Antonium
969 1770 1224 1811 Iulianum
1255 1769 1516 1822 rhetorem‚2

140 1845 214 1872 cur
243 1831 325 1872 hoc
357 1833 416 1872 ita
446 1846 526 1872 usu
558 1831 730 1884 veniret,
763 1831 875 1884 quod
902 1828 1266 1884 Quadrigarius
1297 1827 1484 1880 dixisset,

87 1906 121 1931 20
139 1893 188 1931 ut
231 1891 422 1945 contigui
465 1890 600 1944 magis
646 1890 973 1942 directioresque
1016 1888 1124 1929 ictus
1168 1887 1290 1940 fiant,
1337 1886 1373 1927 si
1416 1886 1484 1926 vel

139 1949 324 2002 lapidem
356 1950 424 1989 vel
455 1949 653 2003 sagittam
687 1962 852 1988 sursum
884 1961 1029 1988 versus
1061 1946 1187 1987 iacias
1215 1960 1341 1999 quam
1368 1945 1485 1985 deor—

142 2021 234 2048 sum
243 2040 254 2061 ,
286 2021 381 2047 cum
414 2007 644 2061 proclivior
674 2007 923 2059 faciliorque
955 2006 1089 2047 iactus
1122 2005 1177 2046 sit
1209 2019 1259 2045 ex
1292 2003 1484 2058 supernis

238 2138 255 2167 1
283 2134 435 2168 Librum
464 2134 635 2168 decimum
663 2136 858 2167 minuerant
880 2133 953 2175 fere
974 2146 1000 2165 ω
1020 2133 1138 2175 sicque
1157 2131 1322 2174 deinceps
1341 2132 1352 2174 ΙΙ
1372 2134 1392 2163 4
1418 2141 1485 2163 1111-

143 2180 237 2226 dev]
259 2183 286 2218 Q,
311 2180 611 2214 duodeuicesimo
637 2181 694 2214 hic
713 2193 739 2213 ω
760 2182 770 2223 Η
792 2183 834 2213 13
862 2179 1012 2213 amittas
1032 2182 1089 2211 ΒΖ
1113 2180 1116 2223 Ι
1140 2182 1205 2212 aut
1226 2178 1296 2211 hoc
1316 2181 1381 2211 aut
1398 2187 1486 2210 nam

142 2227 336 2308 533lessle
347 2231 448 2309 lgket
474 2230 552 2270 310⁷
576 2231 618 2261 14
643 2227 775 2271 pennis
797 2240 822 2260 ω
846 2237 935 2261 corr.
958 2237 977 2259 σ
1000 2227 1004 2271 Ι
1026 2225 1233 2259 funditores
1259 2224 1311 2259 ed.
1333 2225 1454 2259 Paris.
1475 2223 1488 2268 Η
