1617 2484
179 61 243 94 XX
712 60 981 95 PRAEFATIO

183 173 232 210 ad
264 173 450 210 Varronis
489 173 647 210 annales
659 167 689 224 ¹)
728 174 767 209 et
797 172 832 208 X
860 174 911 209 23
951 174 1026 210 nisi
1063 174 1112 210 ad
1149 174 1318 211 eiusdem
1355 174 1401 211 de
1433 176 1514 212 vita.

182 232 319 280 populi
351 231 517 268 Romani
547 231 666 268 libros
698 243 890 279 nusquam
922 233 1140 270 nominatos
1171 245 1248 269 non
1279 228 1449 285 habeo.²)

269 289 414 333 Quodsi
445 290 527 337 ipse
559 291 638 326 iam
668 291 709 326 in
740 290 842 327 hunc
871 302 1050 339 campum
1076 291 1263 328 descendo
1289 293 1409 341 spinis
1434 293 1513 341 ple-

181 350 328 386 niorem
361 361 478 396 quam
510 348 711 396 fructibus,
742 348 811 385 ubi
841 349 948 386 nulla
974 349 1108 386 Medea
1134 351 1262 387 aranti
1287 350 1422 398 aderit,
1454 364 1513 388 me

183 407 328 445 similes
378 408 543 445 fortasse
592 407 908 455 exprobrationes
957 409 1246 445 contracturum
1289 422 1369 447 esse
1412 410 1515 447 haud

182 467 330 515 ignoro.
393 458 539 502 Tamen
576 478 643 514 spe
680 468 815 503 teneor
850 466 891 502 in
928 466 1125 504 nonnullis
1161 480 1222 504 me
1253 469 1297 505 ut
1327 481 1429 505 nova
1457 468 1515 506 ita

178 527 217 562 et
254 537 345 562 vera
384 525 693 573 propositurum,
731 525 772 561 in
811 525 897 562 aliis
929 526 1132 573 peritiores
1163 526 1435 574 incitatur-um,
1472 529 1516 564 ut

181 596 349 620 errorem
387 583 605 631 vitiumque
643 583 851 633 profligent
889 586 956 621 aut
993 596 1074 621 rem
1108 585 1331 623 inchoatam
1360 587 1515 623 tantum

178 642 257 679 iam
296 643 579 689 consumment,
617 643 657 679 in
696 641 873 680 omnibus
911 655 1091 691 campum
1122 643 1339 681 liberiorem
1373 644 1516 693 quique

183 700 351 738 faciliori
383 701 462 737 iam
494 700 651 750 negotio
678 701 777 738 adiri
801 702 935 749 possit,
966 701 1244 749 praebiturum.
1301 702 1385 746 Qua
1409 703 1449 739 in
1476 716 1516 740 re

181 762 225 796 ut
255 759 352 795 mihi
384 759 559 806 fuerunt,
597 761 651 797 sic
683 761 838 806 ceteris,
876 761 944 808 (1111
974 761 1015 797 111
1047 760 1117 798 hac
1150 774 1267 798 arena
1298 762 1515 809 decurrant,

179 819 268 855 usui
311 819 521 867 gratosque
559 819 641 855 fore
678 819 782 856 locos
820 818 964 856 similes
1004 820 1168 856 3110111111
1206 821 1438 868 scriptorum
1476 822 1513 857 in

181 877 351 914 editione
396 877 604 924 apparatui
647 877 781 915 critico
824 879 1056 926 praemissos
1096 878 1243 915 confido
1282 879 1331 916 ad
1366 881 1516 916 textum

180 935 425 981 servandum,
452 936 677 982 sanandum,
704 937 960 984 supplendum
986 949 1063 973 non
1082 938 1242 975 minoris
1262 939 1379 986 pretii
1399 951 1517 986 (1113111

180 995 228 1031 ad
259 994 386 1031 fontes
414 993 531 1031 Gellii
561 994 790 1043 plerumque
822 994 979 1033 obrutos
1009 996 1253 1045 detegendos.
1309 995 1411 1040 Quos
1437 1010 1516 1033 om-

180 1066 245 1090 nes
278 1053 461 1102 colligere
493 1065 729 1101 quamquam
761 1066 837 1091 non
870 1055 983 1091 unius
1014 1055 1182 1092 hominis
1215 1056 1273 1091 est
1296 1055 1517 1103 multosque

179 1113 253 1149 huc
285 1112 524 1160 pertinentes
556 1125 616 1149 me
648 1111 793 1162 fugisse
824 1115 972 1150 certum
1004 1116 1073 1159 est,
1106 1124 1193 1150 cum
1225 1113 1286 1150 die
1317 1114 1419 1151 diem
1453 1115 1517 1151 do-

180 1172 258 1208 ceri
300 1171 382 1219 ipse
424 1171 518 1208 satis
557 1172 736 1219 expertus
775 1172 864 1217 sim,
909 1174 1040 1209 tamen
1079 1172 1128 1209 ad
1166 1173 1411 1220 quaestiones
1449 1173 1517 1210 has

182 1229 453 1267 discernendas
491 1230 531 1266 in
568 1232 679 1278 parte
712 1230 867 1278 quidem
899 1232 1071 1278 capitum
1103 1232 1198 1269 satis
1228 1231 1406 1268 idoneam
1438 1245 1517 1268 ma-

180 1289 322 1326 teriam
348 1301 409 1324 me
435 1288 703 1337 suppeditasse
730 1288 924 1326 affirmare
951 1289 1084 1326 audeo.
1134 1290 1270 1338 Neque
1296 1290 1399 1328 solus
1419 1291 1517 1327 hanc

181 1347 286 1384 viam
312 1347 394 1383 inii.
447 1347 549 1384 Nam
573 1349 729 1395 praeter
754 1348 842 1385 illos
869 1349 971 1385 viros
997 1348 1113 1396 paulo
1139 1350 1228 1397 post
1252 1349 1517 1395 nominandos,

182 1419 347 1454 quorum
373 1407 515 1453 copias,
542 1418 779 1454 quamquam
805 1419 937 1443 eorum
960 1407 1253 1444 ratiocinationi
1272 1419 1348 1444 non
1368 1420 1519 1456 semper

183 1465 342 1511 accessi,
370 1464 507 1513 cupide
535 1466 694 1512 arripui,
722 1465 907 1512 aliosque,
932 1468 976 1502 ut
1000 1467 1041 1502 in
1066 1465 1262 1503 Macrobio
1288 1465 1517 1504 VVissowam

183 1526 222 1560 et
259 1523 400 1569 Linke,
445 1524 564 1560 etiam
601 1523 720 1560 Hertz
765 1524 925 1560 eandem
965 1525 1070 1561 viam
1108 1525 1261 1574 egregie
1298 1526 1517 1572 praemuni-

183 1584 310 1628 verat,
343 1583 451 1619 cuius
484 1582 668 1630 exemplis
702 1595 746 1619 ex
777 1583 1002 1629 Ammiano,
1034 1583 1173 1629 Nonio,
1206 1579 1335 1629 aliis'0')
1368 1596 1518 1621 coacer-

182 1642 285 1678 vatis
322 1643 367 1678 ut
403 1653 528 1689 pauca
566 1641 763 1688 adderem,
802 1640 977 1691 contigit.
1046 1640 1121 1679 Sed
1159 1643 1276 1679 etiam
1314 1643 1420 1680 illius
1456 1643 1519 1680 vel

184 1700 359 1737 defuncti
408 1699 553 1736 auxilio
597 1701 638 1736 in
681 1700 740 1737 his
784 1700 1033 1749 congerendis
1078 1700 1181 1748 quod
1224 1701 1379 1739 adiutus
1423 1714 1519 1746 sum,

185 1771 357 1796 summae
390 1771 482 1808 erga
511 1771 571 1795 me
597 1759 775 1796 comitati
800 1758 957 1795 Ricardi
982 1759 1176 1796 Foersteri
1201 1759 1519 1797 Vratislaviensis

186 1817 316 1854 debeo.
379 1817 481 1854 Nam
520 1830 607 1854 cum
639 1817 758 1854 Hertz
791 1816 908 1855 Gellii
941 1817 1149 1855 editionem
1181 1819 1356 1855 criticam
1388 1831 1519 1868 exege-

185 1877 264 1912 tica
295 1876 582 1923 provocandam
614 1878 844 1925 suscepisset
876 1888 1037 1923 eamque
1066 1889 1234 1925 operam,
1266 1878 1373 1915 cuius
1400 1878 1519 1925 speci-

186 1947 274 1970 men
308 1934 349 1970 in
380 1935 506 1971 indice
538 1934 756 1972 scholarum
788 1935 1155 1973 Vratislaviensium
1187 1936 1421 1972 aestivarum
1454 1949 1520 1972 an-

282 2060 314 2102 1)
340 2058 407 2091 Vd.
436 2060 472 2092 et
492 2059 539 2092 ad
565 2059 663 2092 XVH
684 2063 737 2092 21.

283 2108 317 2149 2)
344 2105 397 2138 Dc
424 2105 571 2139 Sotione
604 2107 686 2148 περὶ
716 2104 918 2150 διαδόχων,
950 2107 1097 2139 auctore
1123 2106 1255 2149 capitis
1281 2106 1295 2138 I
1321 2110 1353 2149 9,
1384 2117 1440 2140 res
1467 2108 1525 2140 est,

192 2152 453 2205 incertissima,
485 2163 708 2196 quamquam
740 2153 817 2186 eius
849 2152 957 2194 κέρας
979 2150 1193 2196 Ἀμαλθείας
1217 2153 1233 2186 l
1257 2155 1277 2185 8
1304 2154 1341 2186 et
1365 2154 1478 2196 praef.
1501 2144 1520 2190 (ξ

189 2200 333 2290 chima?
346 2199 416 2280 (111.
441 2246 622 2290 opuscula
644 2247 813 2281 Gelliama
833 2258 867 2290 p.
889 2249 932 2280 85
947 2258 1042 2290 sqq.;
1066 2250 1129 2279 146
1145 2258 1221 2290 sqq.
1268 2246 1378 2280 Nonii
1403 2246 1475 2280 loci
1501 2259 1522 2281 a

191 2304 248 2327 me
281 2293 386 2327 allati
415 2295 500 2326 sunt
525 2304 568 2326 ex
593 2293 755 2327 editione
782 2292 988 2335 LMuelleri,
1016 2293 1078 2326 sed
1104 2293 1250 2337 paginis
1277 2293 1520 2328 Mercerianis.
