1611 2474
164 70 249 110 344
791 69 823 102 X
850 74 868 103 3

166 178 285 218 boni
306 177 585 218 consultis?
609 177 692 217 ubi
714 178 958 218 societas?
978 177 1062 218 ubi
1082 177 1211 219 fides
1231 179 1500 221 maiorum?

165 236 445 291 Insignitas
471 236 704 288 iniurias,
729 237 923 290 plagas,
948 237 1172 290 verbera,
1191 238 1399 290 vibices,
1420 253 1501 280 eos

167 296 365 335 dolores
410 298 559 347 atque
604 295 932 336 carnificinas
976 310 1062 348 per
1102 296 1313 337 dedecus
1352 300 1501 350 atque

167 354 428 394 maximam
461 354 818 394 contumeliam
851 354 1261 407 inspectantibus
1293 357 1501 409 popula-

165 413 304 453 ribus
350 412 452 452 suis
496 415 647 465 atque
691 412 866 453 multis
910 413 1210 454 mortalibus
1254 417 1300 454 te
1338 414 1502 456 facere
1539 431 1553 456 5

167 486 338 512 ausum
387 472 520 511 esse?
595 469 679 512 Set
723 474 961 523 quantum
1005 472 1213 525 luctum,
1263 476 1502 525 quantum

167 530 425 585 gemitum,
481 530 599 583 quid
647 530 985 583 lacrimarum,
1028 534 1274 598 quant-um
1324 532 1501 573 fletum

165 590 354 629 factum
410 589 597 629 audivi!
685 587 826 629 Servi
881 589 1095 630 iniuiias
1150 590 1299 631 nimis
1358 605 1503 646 aegre

165 648 353 688 ferunt:
392 648 509 701 quid
544 647 682 700 illos,
720 648 849 688 bono
883 662 1062 703 genere
1093 652 1291 714 gnatos,
1328 664 1504 705 magna

166 707 357 747 virtute
407 707 684 759 praeditOS‚
735 707 1014 760 opinamini
1064 707 1216 748 animi
1266 709 1556 750 habuissem

166 768 318 818 atque
349 765 635 818 habituros,
670 766 779 805 dum
812 766 1012 807 Vivent?

110 834 152 865 18
257 823 378 872 Quod
423 822 543 864 Cato
589 825 711 865 dixit:
761 824 1020 866 Bruttiani
1064 825 1409 878 verberavere,
1452 841 1504 866 ne

112 894 152 923 19
169 883 241 935 qui
272 883 450 923 fortasse
483 883 531 923 de
564 883 798 924 Bruttianis
829 885 1032 937 requirat,
1064 884 1106 924 id
1139 885 1364 939 significat:
1399 883 1503 925 Cum

165 941 382 982 Hannibal
412 941 578 982 Poenus
618 957 712 983 cum
752 943 937 983 exercitu
974 944 1019 983 in
1049 942 1172 983 Italia
1209 946 1318 984 esset
1355 946 1396 984 et
1433 944 1504 984 ali-

167 1003 271 1054 quot
313 1015 477 1055 pugnas
515 1003 698 1054 populus
736 1001 952 1042 Romanus
990 1003 1183 1042 adversas
1221 1002 1505 1057 pugnavisset,
1525 1019 1557 1044 15

166 1060 293 1113 primi
324 1060 456 1100 totius
481 1058 628 1101 Italiae
655 1059 811 1100 Bruttii
843 1061 894 1101 ad
920 1060 1201 1101 Hannibalem
1231 1061 1503 1102 desciverunt.

166 1117 215 1158 Id
246 1118 427 1159 Romani
461 1133 583 1173 aegre
615 1120 745 1173 passi,
784 1122 1007 1173 postquam
1039 1119 1253 1160 Hannibal
1284 1118 1407 1160 Italia
1439 1120 1505 1160 de-

167 1177 292 1218 cessit
342 1179 610 1231 superatique
658 1177 789 1219 Poeni
841 1181 954 1232 sunt,
1009 1178 1199 1219 Bruttios
1248 1179 1505 1233 ignominiae

168 1250 292 1276 causa
329 1250 415 1276 non
452 1237 607 1277 milites
641 1237 878 1278 scribebant
909 1251 985 1278 nee
1016 1251 1093 1291 pro
1126 1238 1249 1278 sociis
1281 1238 1505 1290 habebant,

169 1295 239 1335 sed
290 1296 606 1349 magistratibus
655 1297 699 1336 in
748 1297 985 1350 provincias
1036 1296 1232 1337 euntibus
1275 1311 1419 1350 parere
1464 1299 1504 1337 et
1525 1314 1558 1338 20

169 1354 508 1407 praeministrare
552 1369 766 1395 servorum
811 1356 944 1396 vicem
988 1356 1208 1395 iusserunt.
1276 1354 1424 1408 Itaque
1461 1355 1505 1395 hi

169 1412 453 1465 sequebantur
483 1414 767 1468 magistratus,
799 1416 1015 1468 tamquam
1047 1415 1091 1454 in
1123 1414 1322 1455 scaenicis
1352 1414 1505 1454 fabulis

169 1472 241 1524 qui
274 1471 521 1513 dicebantur
554 1473 740 1525 ‘lorarii’,
772 1476 813 1513 et
845 1487 949 1526 quos
977 1476 1094 1514 erant
1120 1472 1235 1525 iussi,
1265 1472 1506 1513 vinciebant

169 1533 242 1570 aut
272 1530 566 1584 verberabant3
599 1532 711 1584 quod
743 1534 882 1572 autem
917 1547 967 1572 ex
993 1531 1171 1572 Bruttiis
1204 1534 1334 1584 erant,
1366 1532 1505 1585 appel-

166 1588 243 1629 lati
275 1592 373 1630 sunt
407 1589 660 1631 ‘Bruttiani'.
1525 1608 1558 1633 25

263 1721 282 1749 2
298 1728 375 1761 sqq.
405 1717 497 1750 Non
519 1717 552 1751 Π
576 1730 611 1761 p.
636 1721 712 1759 187,
734 1722 777 1751 24
923 1722 963 1751 13
980 1729 1056 1762 sqq.
1090 1717 1192 1751 Paul.
1214 1729 1247 1761 p.
1271 1721 1326 1760 31,
1348 1721 1389 1750 12
1417 1716 1504 1751 CGL

168 1763 218 1797 VI
240 1767 305 1797 153
333 1764 450 1798 Strab
472 1764 504 1797 V
525 1769 556 1807 4,
580 1768 620 1798 13
641 1777 675 1808 p.
698 1769 763 1798 251
791 1765 948 1809 Appian.
970 1764 1129 1798 Hannib.
1150 1768 1191 1798 61
1212 1764 1380 1808 Fulgent.
1400 1774 1503 1798 serm.

170 1812 242 1844 ant.
264 1823 297 1855 p
321 1814 387 1845 566
402 1811 449 1845 Μ
596 1815 638 1844 23
667 1810 754 1846 CGL
774 1811 824 1846 V]
845 1815 911 1846 655

266 1933 282 1962 1
305 1929 495 1963 consulitis
518 1940 537 1963 σ
557 1929 739 1963 consuetis
762 1931 868 1964 Mms.
890 1931 900 1973 ΙΙ
921 1933 940 1962 2
961 1930 1037 1975 eos]
1059 1929 1111 1963 eis
1131 1930 1228 1963 Non.
1248 1928 1301 1962 vis
1316 1928 1506 1974 Perottusll

172 1979 190 2008 3
212 1976 427 2009 carnificans
448 1977 544 2010 Non.
564 1978 576 2020 ΙΙ
597 1980 616 2010 6
637 1987 732 2010 esses
753 1978 790 2010 et
809 1978 838 2010 δ
857 1978 868 2021 Η
888 1980 907 2010 8
928 1976 1061 2010 nimias
1077 1977 1185 2010 Mms.
1205 1978 1216 2020 [Ι
1238 1980 1279 2009 12
1300 1987 1345 2010 ne
1365 1976 1447 2019 quis
1463 1977 1509 2009 11

169 2033 287 2065 neque
315 2026 370 2060 Qz
396 2025 406 2067 Η
434 2027 474 2056 13
501 2023 594 2057 forte
617 2025 661 2057 H
683 2025 693 2067 ΙΙ
719 2027 762 2057 20
790 2023 1010 2057 abeuntibus
1032 2025 1073 2056 11
1096 2025 1107 2067 Η
1134 2027 1174 2056 21
1201 2023 1283 2056 11100
1304 2026 1330 2060 Q
1352 2023 1356 2068 1
1379 2023 1505 2065 itaque

169 2069 458 2150 inisequebfgntiir
470 2074 502 2103 X
514 2070 525 2116 Η
540 2074 582 2103 23
597 2070 719 2104 lolarii
734 2071 763 2105 δ
776 2072 839 2114 cfr.
855 2070 999 2112 Schoell,
1014 2071 1135 2105 Plaut.
1154 2071 1253 2114 Capt.
1264 2070 1382 2114 praef.
1398 2070 1487 2104 XII
1495 2070 1506 2116 Η

172 2139 190 2148 ..
242 2128 274 2159 q.
304 2127 349 2149 an
370 2127 387 2149 e
