1602 2484
511 58 746 92 CAPI'PVLA
775 58 858 92 Liss.
888 58 951 92 XV
1349 59 1400 99 31

151 165 233 207 VII
274 164 553 206 Observatum
587 181 676 207 esse
709 167 752 206 in
785 167 967 219 senibus,
1000 166 1113 219 quod
1139 181 1295 207 annum
1324 168 1410 207 fere

60 225 212 265 aetatis
239 225 409 265 tertium
438 227 479 265 ct
505 225 815 279 sexagesimum
843 228 971 279 agant
997 228 1070 265 aut
1094 225 1311 265 laboribus
1338 228 1412 266 aut

61 284 234 324 interitu
268 286 340 324 aut
373 284 489 323 clade
522 284 663 336 aliqua
696 284 964 337 insignitum,
997 287 1123 336 atque
1154 284 1256 324 inibi
1285 299 1410 337 super

60 342 205 383 eadem
234 342 527 382 observatione
554 343 794 395 exemplum
824 343 1060 396 adpositum
1091 343 1296 396 epistulae
1324 343 1407 383 divi

59 399 245 455 Augusti
279 401 330 441 ad
363 399 513 441 Gaium
548 401 695 441 filium.

149 458 251 499 VIII
290 459 426 499 Locus
457 474 506 500 ex
535 460 724 500 oratione
753 459 923 513 Favoni,
956 460 1107 500 veteris
1136 460 1325 512 oratoris,
1359 460 1408 500 de

23 558 24 562 ,
61 532 256 559 cenarum
297 521 422 570 atque
461 519 652 559 luxuriae
693 519 1039 571 obprobratione,
1078 532 1161 570 qua
1199 533 1299 559 usus
1334 522 1409 571 est,

60 590 155 618 cum
189 578 325 631 legem
360 577 565 617 Liciniam
599 577 649 617 de
682 580 854 630 sumptu
888 578 1116 618 minuendo
1150 577 1291 618 suasit.

147 634 207 676 IX
240 635 362 684 Quod
382 634 588 676 Caecilius
615 639 741 689 poeta
768 635 983 677 ‘frontem’
1011 650 1163 691 genere
1189 636 1300 677 virili
1323 651 1408 676 non

59 695 237 748 poetice,
263 694 335 735 sed
362 708 457 735 cum
484 694 735 748 probatione
762 698 804 735 et
830 708 924 735 cum
952 695 1148 749 analogia
1167 695 1407 749 appellavit.

146 752 185 793 X
234 752 297 794 De
342 753 580 794 voluntario
620 756 661 794 et
698 753 943 794 admirando
983 754 1155 794 interitu
1194 754 1406 809 virginum

57 811 330 852 Milesiarum.

146 870 206 911 XI
245 870 386 911 Verba
419 871 775 911 senatusconsulti
810 871 859 911 de
891 870 1110 925 exigendis
1142 871 1246 912 urbe
1272 870 1408 911 Roma

58 929 346 983 philosophis,
379 930 479 970 item
509 930 637 970 verba
663 930 789 970 edicti
816 943 1050 978 censorum,
1083 944 1166 982 quo
1194 930 1407 983 inprobati

59 991 100 1029 et
132 989 305 1029 coerciti
338 991 454 1041 sunt,
492 989 565 1041 qui
599 989 866 1042 disciplinam
902 988 1154 1029 rhetoricam
1188 989 1408 1030 instituere

58 1050 100 1088 et
132 1061 326 1088 exercere
358 1046 519 1088 Romae
552 1051 786 1101 coeperant.

146 1105 228 1146 XII
271 1105 409 1146 Locus
447 1121 497 1146 ex
538 1107 726 1147 oratione
759 1104 936 1147 Gracchi
975 1106 1024 1146 de
1063 1106 1321 1160 parsimonia
1359 1120 1407 1146 ac

59 1165 108 1205 de
141 1165 346 1218 pudicitia
380 1179 455 1205 sua
486 1165 876 1205 memoratissimus

147 1222 249 1263 XIII
304 1223 368 1264 De
417 1224 556 1264 verbis
606 1223 854 1277 inopinatis,
905 1238 1011 1276 quae
1055 1226 1405 1276 utroqueversum

59 1282 257 1323 dicuntur
289 1285 331 1322 et
362 1297 386 1322 a
418 1283 704 1337 grammaticis
738 1281 1010 1323 ‘communia'
1044 1285 1259 1322 vocantur.

146 1340 248 1381 XIV
293 1340 415 1389 Quod
454 1341 649 1382 Metellus
688 1340 940 1382 Numidicus
981 1341 1162 1395 figuram
1203 1341 1406 1381 orationis

57 1414 212 1440 novam
245 1414 296 1440 ex
329 1400 591 1440 orationibus
625 1398 793 1441 Graecis
826 1402 1042 1440 mutuatus
1075 1402 1147 1440 est.

146 1458 228 1499 XV
260 1458 416 1499 ‘Passis
443 1458 561 1499 velis'
589 1462 631 1499 et
657 1459 806 1512 ‘passis
834 1458 1044 1499 manibus'
1069 1459 1224 1499 dixisse
1244 1461 1405 1499 veteres

56 1531 144 1557 non
172 1532 196 1558 a
221 1517 349 1558 verbo
376 1532 464 1571 suo,
497 1518 611 1570 quod
637 1521 700 1558 est
727 1517 909 1572 ‘patim-⁷,
938 1518 1010 1558 sed
1037 1517 1088 1558 ab
1116 1517 1266 1570 alieno,
1293 1517 1405 1570 quod

57 1578 122 1617 est
154 1575 338 1629 ‘pando’.

145 1633 247 1674 XVI
280 1634 342 1675 De
369 1649 479 1675 novo
507 1649 659 1690 genere
685 1635 880 1675 interitus
908 1632 1196 1675 Crotoniensis
1223 1633 1404 1674 Milonis.

146 1691 270 1734 XVII
302 1692 435 1742 Quam
468 1694 521 1734 ob
549 1707 718 1734 causam
744 1693 908 1734 nobiles
936 1694 1055 1746 pueri
1080 1691 1405 1733 Atheniensium

56 1752 173 1792 tibiis
200 1765 346 1792 canere
368 1753 578 1805 desierint,
605 1766 699 1793 cum
722 1753 905 1806 patrium
926 1752 1054 1792 istum
1076 1766 1235 1792 morem
1258 1765 1406 1792 canen-

58 1811 99 1850 di
131 1809 346 1851 haberent.

146 1868 291 1909 XVIII
341 1868 462 1917 Quod
512 1883 655 1923 pugna
702 1869 803 1909 belli
848 1869 982 1909 civilis
1022 1869 1284 1921 victoriaque
1329 1866 1405 1908 Gai

60 1927 266 1981 Caesaris,
312 1942 438 1980 quam
483 1928 585 1968 vicit
628 1929 672 1967 in
716 1927 944 1968 Pharsaliis
990 1928 1167 1981 campis,
1212 1927 1405 1967 nuntiata

56 1987 355 2039 praedictaque
376 1989 438 2027 est
458 2001 532 2040 per
552 1986 787 2039 cuiuspiam
808 1986 980 2041 remigis
994 1986 1241 2027 vaticinium
1257 1986 1403 2026 eodem

56 2045 151 2099 ipso
185 2045 250 2086 die
282 2045 327 2085 in
357 2044 481 2085 Italia
513 2044 670 2085 Patavi.

146 2103 246 2144 XIX
286 2103 428 2144 Verba
453 2103 507 2144 M.
536 2103 739 2144 Varronis
772 2104 975 2144 memoria
1008 2104 1135 2158 digna
1167 2118 1218 2144 ex
1251 2106 1403 2155 satura,

57 2176 164 2215 quae
196 2162 442 2203 inscribitur
472 2161 571 2217 περὶ
605 2161 862 2216 ἐδεσμάτων.

144 2220 224 2260 XX
266 2219 427 2261 Notata
465 2221 669 2274 quaedam
709 2221 758 2261 de
796 2220 1012 2274 Euripidis
1050 2224 1200 2275 poetae
1240 2235 1403 2275 genere,

54 2279 155 2331 vita,
188 2279 395 2324 moribus:
428 2280 561 2332 deque
594 2280 779 2320 eiusdem
814 2280 895 2320 fine
927 2279 1048 2319 vitae.
