1611 2474
134 79 216 119 190
684 78 732 111 lv
761 82 797 119 63
827 82 862 115 72
890 82 909 111 8

130 190 243 227 terea
280 187 407 227 verba
444 184 558 226 Atei
592 184 856 238 Capitonis
895 199 945 225 ex
984 185 1161 237 quinto
1199 184 1463 237 librorum,

132 259 236 298 quos
276 244 332 285 de
369 244 644 297 pontificio
681 245 786 284 iure
821 246 888 296 (fr.
916 243 1017 284 SH.
1043 243 1180 296 ΖΒΓ.)
1215 243 1463 296 composuit,

132 304 295 357 scripsi:
328 303 430 343 Tib.
458 301 771 343 Coruncanio
800 302 1040 355 pontifici
1066 303 1279 342 maximo
1306 302 1462 342 feriae

131 363 490 415 praecidaneae
528 362 579 401 in
616 364 775 401 atrum
815 361 941 401 diem
974 361 1304 415 inauguratae
1337 363 1461 401 sunt.

133 420 415 475 Collegium
466 420 689 460 decrevit
739 434 835 460 non
881 418 1159 460 habendum
1204 419 1462 473 religioni,
1500 435 1515 461 5

132 481 251 533 quin
284 493 337 520 eo
371 479 447 519 die
479 478 634 519 feriae
667 478 1028 531 praecidaneae
1061 481 1237 518 essent.

755 594 792 635 V
797 593 837 635 Π

130 665 183 699 De
222 664 381 708 epistula
412 663 551 698 Valerii
584 663 692 697 Probi
730 663 962 707 grammatici
1001 663 1048 696 ad
1079 662 1293 696 Marcellum
1325 663 1462 706 scripta

177 722 286 755 super
311 712 464 745 accentu
490 711 677 744 nominum
705 710 932 755 quorundam
958 709 1206 743 Poenicorum.

98 794 113 823 1
217 783 452 825 Valerius
488 783 678 824 Probus
717 783 1014 837 grammaticus
1051 782 1161 823 inter
1198 796 1314 822 suam
1353 784 1461 821 aeta-
1482 798 1515 823 ιο

97 846 214 884 sstem
248 842 477 896 praestanti
510 842 682 882 scientia
713 842 805 882 fuit.
861 840 901 881 Is
928 840 1240 881 ‘Hannibalem’
1274 840 1328 881 et‘
1356 839 1460 880 Has—

130 901 363 942 drubalem’
389 904 430 942 et
457 900 770 941 ‘Hamilcarem'
796 901 855 940 ita
881 898 1193 953 pronuntiabat,
1218 902 1266 939 ut
1291 898 1460 952 paenul-

128 961 276 1001 timam
321 960 681 1012 circumflecteret,
726 962 766 999 et
804 962 866 999 est
904 959 1124 1011 epistula
1163 958 1269 998 eius
1307 957 1461 1010 scripta

128 1019 186 1059 ad
214 1018 524 1070 Marcellum,
556 1018 600 1058 in
633 1032 714 1070 qua
740 1017 972 1057 Plautum
1000 1017 1069 1069 (fr.
1087 1018 1117 1069 f.
1140 1017 1214 1057 ine.
1236 1015 1373 1056 XLII
1389 1014 1458 1068 G.)

129 1081 171 1118 et
196 1077 409 1118 Ennium
442 1078 683 1129 multosque
715 1077 819 1116 alios
851 1079 1010 1116 veteres
1043 1089 1091 1116 eo
1124 1075 1248 1115 modo
1278 1088 1459 1128 pronun·
1481 1091 1513 1116 15

95 1145 114 1174 3
129 1137 254 1177 tiasse
279 1136 473 1190 affirmat,
501 1136 629 1175 solius
655 1138 796 1176 tamen
816 1134 966 1175 Ennii
993 1149 1159 1175 versum
1185 1148 1315 1174 unum
1340 1133 1460 1186 ponit

131 1210 181 1236 ex
212 1195 338 1248 libro,
372 1195 443 1247 qui
477 1192 646 1247 Scipio
679 1192 931 1234 inscribitur.

94 1262 115 1292 4
216 1253 325 1294 Eum
364 1268 529 1293 versum
563 1253 765 1305 quadrato
797 1266 971 1292 numero
1003 1251 1162 1292 facturn
1195 1250 1460 1303 subiecimus,

128 1312 173 1353 in
211 1326 312 1366 quo,
349 1312 430 1352 nisi
466 1312 590 1352 tertia
628 1311 789 1364 syllaba
821 1311 870 1351 de
902 1310 1152 1350 Hannibalis
1183 1310 1352 1350 nomine
1385 1309 1460 1349 cir-

95 1380 114 1410 5
130 1371 333 1412 cumflexe
375 1373 609 1424 promatur,
654 1384 852 1410 numerus
897 1369 1112 1409 clausurus
1157 1371 1229 1409 est.
1301 1367 1457 1409 Versus
1479 1384 1513 1408 20

128 1429 296 1483 Ennii,
324 1436 453 1482 'quem
485 1429 608 1482 dixit,
639 1430 697 1469 ita
731 1432 792 1469 est
826 1426 1270 1479 (sat.13M.465B.):

188 1515 281 1553 qua
312 1502 517 1553 propter
548 1497 851 1539 Hannibalis
885 1498 1053 1550 copias
1087 1495 1383 1537 considerat.

740 1602 845 1644 VIII

129 1672 225 1715 Quid
257 1672 292 1706 C.
320 1673 508 1707 Fabricius
544 1673 589 1706 de
622 1672 787 1706 Cornelio
819 1671 949 1705 Rufino
986 1671 1134 1704 homine
1172 1680 1279 1704 avaro
1311 1670 1455 1712 dixerit,

175 1730 283 1764 quem
321 1731 402 1753 curn
440 1720 579 1754 odisset
608 1720 852 1762 inimicusque
884 1720 996 1761 esset,
1035 1717 1303 1762 designandum
1333 1718 1456 1751 tamen
1475 1726 1509 1751 25

175 1767 360 1801 consulem
386 1767 535 1801 curavit.

95 1851 111 1880 1
215 1838 431 1880 Fabricius
473 1838 678 1879 Luscinus
728 1852 881 1892 magna
927 1837 1061 1892 gloria
1103 1837 1167 1877 vir
1208 1836 1455 1891 magnisque

94 1897 251 1939 2rebus
285 1898 412 1952 gestis
443 1897 535 1938 fuit.
596 1896 641 1938 P.
669 1895 886 1937 Cornelius
918 1895 1096 1936 Rufinus
1128 1909 1254 1935 manu
1286 1894 1454 1947 quidem

223 2016 264 2045 10
279 2024 355 2056 sqq.
382 2012 520 2046 Probus
541 2011 649 2056 <GLK
668 2011 730 2055 IV)
753 2015 829 2054 127,
850 2015 868 2044 3
896 2011 1022 2055 (Varro
1042 2010 1064 2044 l.
1086 2010 1108 2044 l.
1129 2008 1212 2043 VH]
1232 2013 1286 2052 38,
1308 2013 1349 2042 72
1370 2009 1401 2042 X
1422 2012 1454 2053 3,

129 2062 171 2093 70
199 2058 319 2100 Quint.
341 2059 356 2092 Ι
377 2064 407 2101 5,
430 2063 472 2093 60
499 2058 592 2092 GLK
611 2059 659 2093 111
680 2063 758 2102 523,
779 2062 813 2102 8)
839 2058 983 2092 Schoell
1009 2059 1092 2091 acta
1115 2068 1184 2090 soc.
1205 2056 1265 2100 ph.
1286 2055 1382 2100 Lips.
1404 2054 1453 2089 VI

126 2118 160 2151 p.
178 2110 244 2145 200
352 2110 393 2139 27
422 2105 493 2139 Cic.
510 2106 554 2140 de
568 2117 617 2139 or.
632 2106 664 2140 ΙΙ
679 2109 733 2148 66,
749 2109 815 2140 268
837 2105 959 2146 Quint.
973 2104 1039 2138 XII
1055 2109 1084 2147 1,
1099 2108 1142 2137 43
1163 2103 1232 2137 Dio
1245 2102 1286 2136 fr.
1304 2106 1357 2146 34,
1374 2107 1391 2136 1
1404 2101 1451 2136 M.

223 2216 237 2245 1
262 2212 344 2245 adei
359 2224 385 2244 ω
398 2212 410 2257 Η
424 2215 442 2243 2
464 2210 523 2253 qd⁷
540 2224 565 2244 ω
579 2211 623 2256 113
644 2211 791 2255 scripsit
804 2211 855 2244 ibi
872 2210 1090 2244 coruncanio
1105 2210 1187 2254 (-rio
1201 2209 1275 2251 PV)
1290 2221 1316 2241 ω
1329 2208 1341 2253 Η
1354 2211 1373 2241 9
1394 2219 1451 2241 su-

126 2270 193 2303 pra
213 2259 295 2302 (sup
308 2260 349 2302 V)
371 2259 516 2292 centum
536 2272 562 2291 ω
583 2269 669 2292 corr.
693 2270 713 2295 ς
733 2261 743 2301 Η
765 2262 806 2291 13
833 2260 869 2291 et
888 2259 943 2291 est
956 2258 1054 2291 Lion
1072 2258 1114 2290 ut
1134 2257 1189 2290 est
1208 2269 1235 2288 ω
1254 2256 1347 2289 teste
1364 2255 1426 2290 Gr.
1440 2254 1453 2300 Η

128 2309 172 2340 20
188 2307 346 2350 ponatur
360 2317 380 2342 ς
393 2305 405 2351 Η
419 2309 461 2338 22
477 2304 564 2351 (si)
579 2316 651 2348 qua
665 2305 857 2340 Buecheler
870 2314 1014 2348 quaque
1029 2303 1140 2338 Hertz
1158 2304 1161 2349 ξ
1179 2302 1410 2337 considerant
1422 2303 1451 2335 V
