<?xml version="1.0" encoding="UTF-8"?>
<!DOCTYPE html PUBLIC "-//W3C//DTD XHTML 1.0 Transitional//EN"
    "http://www.w3.org/TR/xhtml1/DTD/xhtml1-transitional.dtd">
<html xmlns="http://www.w3.org/1999/xhtml" xml:lang="en" lang="en">
 <head>
  <title>
</title>
<meta http-equiv="Content-Type" content="text/html;charset=utf-8" />
  <meta name='ocr-system' content='tesseract 3.04.00' />
  <meta name='ocr-capabilities' content='ocr_page ocr_carea ocr_par ocr_line ocrx_word'/>
</head>
<body>
  <div class='ocr_page' id='page_1' title='image "./agelliinoctiumat01gelluoft_0034.png"; bbox 0 0 1591 2474; ppageno 0'>
   <div class='ocr_carea' id='block_1_1' title="bbox 159 45 954 81">
    <p class='ocr_par' dir='ltr' id='par_1_1' title="bbox 159 45 954 81">
     <span class='ocr_line' id='line_1_1' title="bbox 159 45 954 81; baseline 0.005 -4"><span class='ocrx_word' id='word_1_1' title='bbox 159 45 256 78; x_wconf 83' lang='lat' dir='ltr'>XXX</span> <span class='ocrx_word' id='word_1_2' title='bbox 687 46 954 81; x_wconf 79' lang='lat' dir='ltr'><strong>PRAEFATIO</strong></span> 
     </span>
    </p>
   </div>
   <div class='ocr_carea' id='block_1_2' title="bbox 148 154 1487 1148">
    <p class='ocr_par' dir='ltr' id='par_1_2' title="bbox 150 154 1487 915">
     <span class='ocr_line' id='line_1_2' title="bbox 158 154 1487 209; baseline 0.003 -16"><span class='ocrx_word' id='word_1_3' title='bbox 158 157 331 194; x_wconf 86' lang='lat' dir='ltr'>Modesto</span> <span class='ocrx_word' id='word_1_4' title='bbox 352 157 375 193; x_wconf 92' lang='lat' dir='ltr'>l.</span> <span class='ocrx_word' id='word_1_5' title='bbox 397 157 420 194; x_wconf 90' lang='lat' dir='ltr'>l.</span> <span class='ocrx_word' id='word_1_6' title='bbox 449 158 539 208; x_wconf 50' lang='lat' dir='ltr'>(Ru.</span> <span class='ocrx_word' id='word_1_7' title='bbox 563 158 629 204; x_wconf 78' lang='lat'>38,</span> <span class='ocrx_word' id='word_1_8' title='bbox 655 159 722 195; x_wconf 87' lang='lat' dir='ltr'>cfr.</span> <span class='ocrx_word' id='word_1_9' title='bbox 743 158 814 195; x_wconf 83' lang='lat' dir='ltr'>Me.</span> <span class='ocrx_word' id='word_1_10' title='bbox 838 154 939 209; x_wconf 79' lang='lat'>650)</span> <span class='ocrx_word' id='word_1_11' title='bbox 958 180 1009 183; x_wconf 81' lang='lat'>——</span> <span class='ocrx_word' id='word_1_12' title='bbox 1030 162 1080 195; x_wconf 88' lang='lat'>10</span> <span class='ocrx_word' id='word_1_13' title='bbox 1108 162 1145 196; x_wconf 91' lang='lat' dir='ltr'>et</span> <span class='ocrx_word' id='word_1_14' title='bbox 1172 163 1218 196; x_wconf 90' lang='grc'>11</span> <span class='ocrx_word' id='word_1_15' title='bbox 1250 173 1294 197; x_wconf 82' lang='lat' dir='ltr'>ex</span> <span class='ocrx_word' id='word_1_16' title='bbox 1314 160 1487 197; x_wconf 82' lang='lat' dir='ltr'>Varrone</span> 
     </span>
     <span class='ocr_line' id='line_1_3' title="bbox 157 211 1486 266; baseline 0.002 -14"><span class='ocrx_word' id='word_1_17' title='bbox 157 217 179 252; x_wconf 92' lang='lat' dir='ltr'>l.</span> <span class='ocrx_word' id='word_1_18' title='bbox 209 216 232 252; x_wconf 91' lang='grc'>1.</span> <span class='ocrx_word' id='word_1_19' title='bbox 273 211 362 266; x_wconf 80' lang='lat' dir='ltr'>(Me.</span> <span class='ocrx_word' id='word_1_20' title='bbox 398 217 498 263; x_wconf 80' lang='lat'>6443</span> <span class='ocrx_word' id='word_1_21' title='bbox 532 218 633 263; x_wconf 80' lang='lat'>6473</span> <span class='ocrx_word' id='word_1_22' title='bbox 668 218 749 253; x_wconf 87' lang='lat'>700</span> <span class='ocrx_word' id='word_1_23' title='bbox 786 216 852 253; x_wconf 79' lang='grc' dir='ltr'>ΚΥ.</span> <span class='ocrx_word' id='word_1_24' title='bbox 882 218 933 254; x_wconf 85' lang='grc'><strong>53</strong></span> <span class='ocrx_word' id='word_1_25' title='bbox 968 218 1038 254; x_wconf 83' lang='lat' dir='ltr'>Ru.</span> <span class='ocrx_word' id='word_1_26' title='bbox 1068 219 1108 265; x_wconf 72' lang='lat'>73</span> <span class='ocrx_word' id='word_1_27' title='bbox 1143 220 1213 265; x_wconf 71' lang='grc'>27,</span> <span class='ocrx_word' id='word_1_28' title='bbox 1247 220 1300 256; x_wconf 85' lang='grc'>72</span> <span class='ocrx_word' id='word_1_29' title='bbox 1339 240 1384 243; x_wconf 44' lang='lat' dir='ltr'><em>m</em></span> <span class='ocrx_word' id='word_1_30' title='bbox 1421 219 1486 255; x_wconf 88' lang='lat' dir='ltr'>Kr.</span> 
     </span>
     <span class='ocr_line' id='line_1_4' title="bbox 160 269 1485 329; baseline 0.002 -18"><span class='ocrx_word' id='word_1_31' title='bbox 160 276 229 322; x_wconf 77' lang='lat'>193</span> <span class='ocrx_word' id='word_1_32' title='bbox 262 276 316 311; x_wconf 89' lang='grc'>40</span> <span class='ocrx_word' id='word_1_33' title='bbox 354 275 424 311; x_wconf 81' lang='lat' dir='ltr'>Ru.</span> <span class='ocrx_word' id='word_1_34' title='bbox 459 277 501 321; x_wconf 79' lang='lat'>43</span> <span class='ocrx_word' id='word_1_35' title='bbox 536 269 651 326; x_wconf 48' lang='lat' dir='ltr'>NV)</span> <span class='ocrx_word' id='word_1_36' title='bbox 686 295 739 299; x_wconf 89' lang='lat'>—</span> <span class='ocrx_word' id='word_1_37' title='bbox 776 276 826 312; x_wconf 87' lang='lat'>13</span> <span class='ocrx_word' id='word_1_38' title='bbox 866 288 909 312; x_wconf 85' lang='lat' dir='ltr'>ex</span> <span class='ocrx_word' id='word_1_39' title='bbox 942 276 1134 313; x_wconf 82' lang='lat' dir='ltr'>Favorino</span> <span class='ocrx_word' id='word_1_40' title='bbox 1170 273 1260 329; x_wconf 75' lang='lat' dir='ltr'>(Me.</span> <span class='ocrx_word' id='word_1_41' title='bbox 1295 278 1375 314; x_wconf 74' lang='lat'>678</span> <span class='ocrx_word' id='word_1_42' title='bbox 1415 278 1485 314; x_wconf 80' lang='lat' dir='ltr'>Ru.</span> 
     </span>
     <span class='ocr_line' id='line_1_5' title="bbox 157 330 1485 387; baseline 0.002 -17"><span class='ocrx_word' id='word_1_43' title='bbox 157 335 229 381; x_wconf 73' lang='lat'>453</span> <span class='ocrx_word' id='word_1_44' title='bbox 251 334 324 384; x_wconf 74' lang='grc'>60)</span> <span class='ocrx_word' id='word_1_45' title='bbox 350 355 396 357; x_wconf 32' lang='lat' dir='ltr'>ss*</span> <span class='ocrx_word' id='word_1_46' title='bbox 424 335 474 369; x_wconf 99' lang='lat'>14</span> <span class='ocrx_word' id='word_1_47' title='bbox 503 346 546 370; x_wconf 78' lang='lat' dir='ltr'>ex</span> <span class='ocrx_word' id='word_1_48' title='bbox 573 334 759 370; x_wconf 79' lang='lat' dir='ltr'>Varronis</span> <span class='ocrx_word' id='word_1_49' title='bbox 786 333 935 382; x_wconf 79' lang='lat' dir='ltr'>discipl.</span> <span class='ocrx_word' id='word_1_50' title='bbox 956 334 989 369; x_wconf 83' lang='lat' dir='ltr'>V</span> <span class='ocrx_word' id='word_1_51' title='bbox 1019 330 1082 385; x_wconf 79' lang='lat' dir='ltr'>(de</span> <span class='ocrx_word' id='word_1_52' title='bbox 1110 336 1372 387; x_wconf 73' lang='lat' dir='ltr'>arithmetica)</span> <span class='ocrx_word' id='word_1_53' title='bbox 1401 332 1485 379; x_wconf 83' lang='lat' dir='ltr'>(Kr.</span> 
     </span>
     <span class='ocr_line' id='line_1_6' title="bbox 159 386 1486 443; baseline 0.002 -15"><span class='ocrx_word' id='word_1_54' title='bbox 159 394 228 439; x_wconf 78' lang='lat'>103</span> <span class='ocrx_word' id='word_1_55' title='bbox 267 393 316 428; x_wconf 85' lang='lat'>51</span> <span class='ocrx_word' id='word_1_56' title='bbox 371 392 440 428; x_wconf 81' lang='lat' dir='ltr'>Ru.</span> <span class='ocrx_word' id='word_1_57' title='bbox 478 394 547 439; x_wconf 74' lang='lat'>123</span> <span class='ocrx_word' id='word_1_58' title='bbox 588 386 659 443; x_wconf 53' lang='lat'>29)</span> <span class='ocrx_word' id='word_1_59' title='bbox 682 413 734 416; x_wconf 83' lang='lat'>——</span> <span class='ocrx_word' id='word_1_60' title='bbox 760 394 809 428; x_wconf 87' lang='lat'>15</span> <span class='ocrx_word' id='word_1_61' title='bbox 859 406 902 430; x_wconf 81' lang='lat' dir='ltr'>ex</span> <span class='ocrx_word' id='word_1_62' title='bbox 947 393 1075 429; x_wconf 85' lang='lat' dir='ltr'>Verrii</span> <span class='ocrx_word' id='word_1_63' title='bbox 1123 407 1250 430; x_wconf 83' lang='lat' dir='ltr'>rerum</span> <span class='ocrx_word' id='word_1_64' title='bbox 1300 396 1486 432; x_wconf 84' lang='lat' dir='ltr'>memoria</span> 
     </span>
     <span class='ocr_line' id='line_1_7' title="bbox 154 446 1485 503; baseline 0.002 -17"><span class='ocrx_word' id='word_1_65' title='bbox 154 452 360 501; x_wconf 75' lang='lat' dir='ltr'>«liguarum</span> <span class='ocrx_word' id='word_1_66' title='bbox 398 450 497 487; x_wconf 79' lang='lat' dir='ltr'>libro</span> <span class='ocrx_word' id='word_1_67' title='bbox 533 451 622 501; x_wconf 67' lang='lat' dir='ltr'>(Ru.</span> <span class='ocrx_word' id='word_1_68' title='bbox 652 452 703 487; x_wconf 90' lang='lat'>39</span> <span class='ocrx_word' id='word_1_69' title='bbox 738 451 806 488; x_wconf 90' lang='lat' dir='ltr'>Ne.</span> <span class='ocrx_word' id='word_1_70' title='bbox 837 446 981 503; x_wconf 74' lang='lat'>274)2)</span> <span class='ocrx_word' id='word_1_71' title='bbox 1004 472 1058 478; x_wconf 81' lang='lat'>-—</span> <span class='ocrx_word' id='word_1_72' title='bbox 1082 453 1146 499; x_wconf 89' lang='lat'>16,</span> <span class='ocrx_word' id='word_1_73' title='bbox 1176 455 1313 490; x_wconf 81' lang='grc'><strong>1-12</strong></span> <span class='ocrx_word' id='word_1_74' title='bbox 1347 466 1390 489; x_wconf 80' lang='lat' dir='ltr'>ex</span> <span class='ocrx_word' id='word_1_75' title='bbox 1423 453 1485 489; x_wconf 78' lang='lat' dir='ltr'>de-</span> 
     </span>
     <span class='ocr_line' id='line_1_8' title="bbox 153 504 1484 561; baseline 0.002 -15"><span class='ocrx_word' id='word_1_76' title='bbox 153 512 257 547; x_wconf 76' lang='lat' dir='ltr'>creto</span> <span class='ocrx_word' id='word_1_77' title='bbox 289 509 480 545; x_wconf 84' lang='lat' dir='ltr'>Hadriani</span> <span class='ocrx_word' id='word_1_78' title='bbox 508 504 598 559; x_wconf 78' lang='lat' dir='ltr'>(Me.</span> <span class='ocrx_word' id='word_1_79' title='bbox 627 510 708 546; x_wconf 88' lang='lat'>655</span> <span class='ocrx_word' id='word_1_80' title='bbox 742 510 812 546; x_wconf 86' lang='lat' dir='ltr'>Ru.</span> <span class='ocrx_word' id='word_1_81' title='bbox 841 505 927 561; x_wconf 27' lang='lat'>432),</span> <span class='ocrx_word' id='word_1_82' title='bbox 959 512 1021 547; x_wconf 80' lang='lat' dir='ltr'>cui</span> <span class='ocrx_word' id='word_1_83' title='bbox 1052 510 1214 548; x_wconf 83' lang='lat' dir='ltr'>diversis</span> <span class='ocrx_word' id='word_1_84' title='bbox 1246 512 1484 560; x_wconf 78' lang='lat' dir='ltr'>temporibus</span> 
     </span>
     <span class='ocr_line' id='line_1_9' title="bbox 153 566 1483 622; baseline 0.002 -17"><span class='ocrx_word' id='word_1_85' title='bbox 153 570 402 605; x_wconf 79' lang='lat' dir='ltr'>accreverunt</span> <span class='ocrx_word' id='word_1_86' title='bbox 427 569 450 615; x_wconf 49' lang='grc' dir='ltr'>ᾗ</span> <span class='ocrx_word' id='word_1_87' title='bbox 480 569 650 605; x_wconf 74' lang='grc'><strong>13-20</strong></span> <span class='ocrx_word' id='word_1_88' title='bbox 683 581 726 605; x_wconf 82' lang='lat' dir='ltr'>ex</span> <span class='ocrx_word' id='word_1_89' title='bbox 758 568 943 615; x_wconf 86' lang='lat' dir='ltr'>Varrone,</span> <span class='ocrx_word' id='word_1_90' title='bbox 976 568 1155 617; x_wconf 81' lang='lat' dir='ltr'>Homero,</span> <span class='ocrx_word' id='word_1_91' title='bbox 1189 569 1360 618; x_wconf 80' lang='lat' dir='ltr'>Sulpicio</span> <span class='ocrx_word' id='word_1_92' title='bbox 1394 566 1483 622; x_wconf 75' lang='lat' dir='ltr'>(Me.</span> 
     </span>
     <span class='ocr_line' id='line_1_10' title="bbox 154 622 1484 678; baseline 0.002 -15"><span class='ocrx_word' id='word_1_93' title='bbox 154 628 254 674; x_wconf 72' lang='lat'>6553</span> <span class='ocrx_word' id='word_1_94' title='bbox 281 628 361 664; x_wconf 85' lang='lat'>704</span> <span class='ocrx_word' id='word_1_95' title='bbox 389 626 453 662; x_wconf 58' lang='grc' dir='ltr'>ΚΧ.</span> <span class='ocrx_word' id='word_1_96' title='bbox 479 628 557 664; x_wconf 88' lang='grc'>107</span> <span class='ocrx_word' id='word_1_97' title='bbox 586 626 647 663; x_wconf 83' lang='lat' dir='ltr'>Fr.</span> <span class='ocrx_word' id='word_1_98' title='bbox 671 622 772 678; x_wconf 79' lang='grc'><strong>531)</strong></span> <span class='ocrx_word' id='word_1_99' title='bbox 800 629 839 663; x_wconf 86' lang='lat' dir='ltr'>et</span> <span class='ocrx_word' id='word_1_100' title='bbox 866 629 917 664; x_wconf 90' lang='grc'>22</span> <span class='ocrx_word' id='word_1_101' title='bbox 947 641 990 664; x_wconf 83' lang='lat' dir='ltr'>ex</span> <span class='ocrx_word' id='word_1_102' title='bbox 1017 628 1144 664; x_wconf 79' lang='lat' dir='ltr'>l’linio</span> <span class='ocrx_word' id='word_1_103' title='bbox 1171 629 1194 665; x_wconf 92' lang='lat' dir='ltr'>l.</span> <span class='ocrx_word' id='word_1_104' title='bbox 1221 629 1244 665; x_wconf 91' lang='lat' dir='ltr'>l.</span> <span class='ocrx_word' id='word_1_105' title='bbox 1271 630 1484 666; x_wconf 73' lang='lat' dir='ltr'>translatae</span> 
     </span>
     <span class='ocr_line' id='line_1_11' title="bbox 153 680 1483 736; baseline 0.002 -14"><span class='ocrx_word' id='word_1_106' title='bbox 153 686 243 736; x_wconf 79' lang='lat' dir='ltr'>(Me.</span> <span class='ocrx_word' id='word_1_107' title='bbox 273 686 374 732; x_wconf 77' lang='lat'>6643</span> <span class='ocrx_word' id='word_1_108' title='bbox 404 686 503 733; x_wconf 78' lang='lat'>7023</span> <span class='ocrx_word' id='word_1_109' title='bbox 532 686 613 722; x_wconf 88' lang='lat'>704</span> <span class='ocrx_word' id='word_1_110' title='bbox 647 685 717 721; x_wconf 84' lang='lat' dir='ltr'>Ru.</span> <span class='ocrx_word' id='word_1_111' title='bbox 746 680 819 736; x_wconf 81' lang='grc'><strong>42)</strong></span> <span class='ocrx_word' id='word_1_112' title='bbox 842 707 895 710; x_wconf 86' lang='grc'><strong>-</strong></span> <span class='ocrx_word' id='word_1_113' title='bbox 921 689 969 724; x_wconf 89' lang='grc'>17</span> <span class='ocrx_word' id='word_1_114' title='bbox 1005 699 1048 723; x_wconf 85' lang='lat' dir='ltr'>ex</span> <span class='ocrx_word' id='word_1_115' title='bbox 1078 687 1262 724; x_wconf 81' lang='lat' dir='ltr'>Favorini</span> <span class='ocrx_word' id='word_1_116' title='bbox 1293 700 1483 725; x_wconf 84' lang='lat' dir='ltr'>commen-</span> 
     </span>
     <span class='ocr_line' id='line_1_12' title="bbox 150 738 1483 796; baseline 0.002 -15"><span class='ocrx_word' id='word_1_117' title='bbox 150 745 262 781; x_wconf 80' lang='lat' dir='ltr'>tariis</span> <span class='ocrx_word' id='word_1_118' title='bbox 289 744 378 796; x_wconf 65' lang='lat' dir='ltr'>(Me.</span> <span class='ocrx_word' id='word_1_119' title='bbox 403 744 483 780; x_wconf 88' lang='lat'>677</span> <span class='ocrx_word' id='word_1_120' title='bbox 512 744 582 780; x_wconf 83' lang='lat' dir='ltr'>Ru.</span> <span class='ocrx_word' id='word_1_121' title='bbox 606 738 721 796; x_wconf 74' lang='lat'>59)³)</span> <span class='ocrx_word' id='word_1_122' title='bbox 741 765 788 768; x_wconf 84' lang='lat'>—</span> <span class='ocrx_word' id='word_1_123' title='bbox 811 745 875 791; x_wconf 82' lang='grc'>18,</span> <span class='ocrx_word' id='word_1_124' title='bbox 898 746 1007 781; x_wconf 73' lang='lat'>1-4</span> <span class='ocrx_word' id='word_1_125' title='bbox 1033 748 1071 782; x_wconf 85' lang='lat' dir='ltr'>et</span> <span class='ocrx_word' id='word_1_126' title='bbox 1095 747 1158 793; x_wconf 88' lang='grc'>19,</span> <span class='ocrx_word' id='word_1_127' title='bbox 1183 749 1200 782; x_wconf 95' lang='grc'>1</span> <span class='ocrx_word' id='word_1_128' title='bbox 1220 758 1273 794; x_wconf 86' lang='lat' dir='ltr'>sq.</span> <span class='ocrx_word' id='word_1_129' title='bbox 1295 759 1339 783; x_wconf 84' lang='lat' dir='ltr'>ex</span> <span class='ocrx_word' id='word_1_130' title='bbox 1360 746 1483 784; x_wconf 86' lang='lat' dir='ltr'>Gavio</span> 
     </span>
     <span class='ocr_line' id='line_1_13' title="bbox 152 798 1484 855; baseline 0.002 -16"><span class='ocrx_word' id='word_1_131' title='bbox 152 803 271 840; x_wconf 82' lang='lat' dir='ltr'>Basso</span> <span class='ocrx_word' id='word_1_132' title='bbox 297 803 320 838; x_wconf 88' lang='lat' dir='ltr'>l.</span> <span class='ocrx_word' id='word_1_133' title='bbox 348 803 372 839; x_wconf 91' lang='lat' dir='ltr'>l.</span> <span class='ocrx_word' id='word_1_134' title='bbox 406 803 497 853; x_wconf 55' lang='lat' dir='ltr'>(Me.</span> <span class='ocrx_word' id='word_1_135' title='bbox 526 803 607 839; x_wconf 88' lang='lat'>665</span> <span class='ocrx_word' id='word_1_136' title='bbox 640 803 710 839; x_wconf 84' lang='lat' dir='ltr'>Ru.</span> <span class='ocrx_word' id='word_1_137' title='bbox 740 798 868 855; x_wconf 72' lang='lat'>31)4),</span> <span class='ocrx_word' id='word_1_138' title='bbox 904 804 969 850; x_wconf 80' lang='lat'>18,</span> <span class='ocrx_word' id='word_1_139' title='bbox 996 805 1137 841; x_wconf 89' lang='lat'>5—10</span> <span class='ocrx_word' id='word_1_140' title='bbox 1170 818 1213 841; x_wconf 79' lang='lat' dir='ltr'>ex</span> <span class='ocrx_word' id='word_1_141' title='bbox 1239 805 1414 842; x_wconf 84' lang='lat' dir='ltr'>Varrone</span> <span class='ocrx_word' id='word_1_142' title='bbox 1446 808 1484 842; x_wconf 84' lang='lat' dir='ltr'>et</span> 
     </span>
     <span class='ocr_line' id='line_1_14' title="bbox 150 857 1137 915; baseline 0.001 -17"><span class='ocrx_word' id='word_1_143' title='bbox 150 861 314 898; x_wconf 76' lang='lat' dir='ltr'>Laberio</span> <span class='ocrx_word' id='word_1_144' title='bbox 349 857 438 912; x_wconf 84' lang='lat' dir='ltr'>(Me.</span> <span class='ocrx_word' id='word_1_145' title='bbox 466 861 604 898; x_wconf 90' lang='lat' dir='ltr'>Philol.</span> <span class='ocrx_word' id='word_1_146' title='bbox 636 863 717 898; x_wconf 91' lang='lat'>170</span> <span class='ocrx_word' id='word_1_147' title='bbox 748 862 819 898; x_wconf 82' lang='lat' dir='ltr'>Ru.</span> <span class='ocrx_word' id='word_1_148' title='bbox 849 863 897 899; x_wconf 88' lang='lat'>31</span> <span class='ocrx_word' id='word_1_149' title='bbox 934 862 995 899; x_wconf 87' lang='lat' dir='ltr'>Fr.</span> <span class='ocrx_word' id='word_1_150' title='bbox 1024 858 1137 915; x_wconf 83' lang='grc'><strong>534).</strong></span> 
     </span>
    </p>

    <p class='ocr_par' dir='ltr' id='par_1_3' title="bbox 148 916 1481 1148">
     <span class='ocr_line' id='line_1_15' title="bbox 237 916 1481 972; baseline 0.002 -15"><span class='ocrx_word' id='word_1_151' title='bbox 237 921 292 957; x_wconf 81' lang='lat' dir='ltr'>IV</span> <span class='ocrx_word' id='word_1_152' title='bbox 316 923 335 956; x_wconf 95' lang='lat'>1</span> <span class='ocrx_word' id='word_1_153' title='bbox 366 933 409 957; x_wconf 81' lang='lat' dir='ltr'>ex</span> <span class='ocrx_word' id='word_1_154' title='bbox 435 920 599 957; x_wconf 83' lang='lat' dir='ltr'>Masurii</span> <span class='ocrx_word' id='word_1_155' title='bbox 624 921 719 957; x_wconf 84' lang='lat' dir='ltr'>iuris</span> <span class='ocrx_word' id='word_1_156' title='bbox 746 921 872 958; x_wconf 80' lang='lat' dir='ltr'>civilis</span> <span class='ocrx_word' id='word_1_157' title='bbox 899 921 936 957; x_wconf 87' lang='lat' dir='ltr'>H</span> <span class='ocrx_word' id='word_1_158' title='bbox 964 916 1043 972; x_wconf 86' lang='lat' dir='ltr'>(Di.</span> <span class='ocrx_word' id='word_1_159' title='bbox 1070 922 1121 958; x_wconf 80' lang='lat'>35</span> <span class='ocrx_word' id='word_1_160' title='bbox 1153 922 1223 959; x_wconf 82' lang='lat' dir='ltr'>Me.</span> <span class='ocrx_word' id='word_1_161' title='bbox 1253 923 1353 970; x_wconf 79' lang='lat'>6453</span> <span class='ocrx_word' id='word_1_162' title='bbox 1381 924 1481 969; x_wconf 78' lang='lat'>6773</span> 
     </span>
     <span class='ocr_line' id='line_1_16' title="bbox 153 974 1481 1031; baseline 0.002 -16"><span class='ocrx_word' id='word_1_163' title='bbox 153 981 232 1016; x_wconf 85' lang='grc'>702</span> <span class='ocrx_word' id='word_1_164' title='bbox 265 978 331 1015; x_wconf 87' lang='lat' dir='ltr'>Kr.</span> <span class='ocrx_word' id='word_1_165' title='bbox 360 980 414 1016; x_wconf 81' lang='lat'>80</span> <span class='ocrx_word' id='word_1_166' title='bbox 442 978 528 1015; x_wconf 85' lang='lat' dir='ltr'>adn.</span> <span class='ocrx_word' id='word_1_167' title='bbox 562 979 631 1015; x_wconf 79' lang='lat' dir='ltr'>Ru.</span> <span class='ocrx_word' id='word_1_168' title='bbox 658 979 710 1015; x_wconf 88' lang='grc'>64</span> <span class='ocrx_word' id='word_1_169' title='bbox 726 991 800 1027; x_wconf 82' lang='lat' dir='ltr'>sq.3</span> <span class='ocrx_word' id='word_1_170' title='bbox 828 974 943 1031; x_wconf 77' lang='lat'>67)⁵)</span> <span class='ocrx_word' id='word_1_171' title='bbox 971 1001 1024 1004; x_wconf 87' lang='lat'>——</span> <span class='ocrx_word' id='word_1_172' title='bbox 1055 982 1090 1027; x_wconf 90' lang='grc'>2,</span> <span class='ocrx_word' id='word_1_173' title='bbox 1115 982 1252 1017; x_wconf 87' lang='grc'><strong>1--12</strong></span> <span class='ocrx_word' id='word_1_174' title='bbox 1280 993 1323 1017; x_wconf 82' lang='lat' dir='ltr'>ex</span> <span class='ocrx_word' id='word_1_175' title='bbox 1352 980 1481 1018; x_wconf 85' lang='lat' dir='ltr'>Caelio</span> 
     </span>
     <span class='ocr_line' id='line_1_17' title="bbox 150 1034 1479 1089; baseline 0.002 -15"><span class='ocrx_word' id='word_1_176' title='bbox 150 1037 294 1075; x_wconf 77' lang='lat' dir='ltr'>Sabino</span> <span class='ocrx_word' id='word_1_177' title='bbox 320 1038 344 1074; x_wconf 83' lang='lat' dir='ltr'>l.</span> <span class='ocrx_word' id='word_1_178' title='bbox 370 1038 407 1085; x_wconf 90' lang='grc'>1.,</span> <span class='ocrx_word' id='word_1_179' title='bbox 443 1038 610 1074; x_wconf 85' lang='lat'>13—-15</span> <span class='ocrx_word' id='word_1_180' title='bbox 639 1050 683 1074; x_wconf 84' lang='lat' dir='ltr'>ex</span> <span class='ocrx_word' id='word_1_181' title='bbox 708 1038 879 1075; x_wconf 84' lang='lat' dir='ltr'>Masurio</span> <span class='ocrx_word' id='word_1_182' title='bbox 908 1034 987 1089; x_wconf 82' lang='lat' dir='ltr'>(Di.</span> <span class='ocrx_word' id='word_1_183' title='bbox 1016 1040 1065 1075; x_wconf 79' lang='lat'>41</span> <span class='ocrx_word' id='word_1_184' title='bbox 1084 1052 1138 1087; x_wconf 76' lang='lat' dir='ltr'>sq.</span> <span class='ocrx_word' id='word_1_185' title='bbox 1168 1039 1240 1075; x_wconf 87' lang='lat' dir='ltr'>Me.</span> <span class='ocrx_word' id='word_1_186' title='bbox 1269 1040 1370 1087; x_wconf 81' lang='lat'>6473</span> <span class='ocrx_word' id='word_1_187' title='bbox 1400 1041 1479 1077; x_wconf 89' lang='grc'>702</span> 
     </span>
     <span class='ocr_line' id='line_1_18' title="bbox 148 1092 1480 1148; baseline 0 -15"><span class='ocrx_word' id='word_1_188' title='bbox 148 1097 213 1133; x_wconf 83' lang='lat' dir='ltr'>Kr.</span> <span class='ocrx_word' id='word_1_189' title='bbox 239 1098 288 1133; x_wconf 88' lang='lat'>79</span> <span class='ocrx_word' id='word_1_190' title='bbox 317 1097 387 1132; x_wconf 84' lang='lat' dir='ltr'>Ru.</span> <span class='ocrx_word' id='word_1_191' title='bbox 411 1096 462 1132; x_wconf 87' lang='lat'>65</span> <span class='ocrx_word' id='word_1_192' title='bbox 479 1109 553 1144; x_wconf 82' lang='lat' dir='ltr'>Sq.3</span> <span class='ocrx_word' id='word_1_193' title='bbox 582 1097 633 1133; x_wconf 88' lang='lat'>69</span> <span class='ocrx_word' id='word_1_194' title='bbox 650 1092 752 1148; x_wconf 79' lang='lat' dir='ltr'><strong>sqq.)</strong></span> <span class='ocrx_word' id='word_1_195' title='bbox 775 1118 821 1120; x_wconf 80' lang='lat'>—</span> <span class='ocrx_word' id='word_1_196' title='bbox 846 1098 868 1133; x_wconf 90' lang='lat'>3</span> <span class='ocrx_word' id='word_1_197' title='bbox 897 1100 936 1133; x_wconf 88' lang='lat' dir='ltr'>et</span> <span class='ocrx_word' id='word_1_198' title='bbox 962 1099 985 1132; x_wconf 82' lang='lat'>4</span> <span class='ocrx_word' id='word_1_199' title='bbox 1013 1109 1055 1133; x_wconf 85' lang='lat' dir='ltr'>ex</span> <span class='ocrx_word' id='word_1_200' title='bbox 1083 1098 1236 1134; x_wconf 87' lang='lat' dir='ltr'>Neratii</span> <span class='ocrx_word' id='word_1_201' title='bbox 1262 1097 1308 1135; x_wconf 87' lang='lat' dir='ltr'>de</span> <span class='ocrx_word' id='word_1_202' title='bbox 1334 1100 1480 1147; x_wconf 61' lang='lat' dir='ltr'>nuptiis&lt;</span> 
     </span>
    </p>
   </div>
   <div class='ocr_carea' id='block_1_3' title="bbox 139 1290 1477 2320">
    <p class='ocr_par' dir='ltr' id='par_1_4' title="bbox 149 1290 1477 1381">
     <span class='ocr_line' id='line_1_19' title="bbox 244 1290 1477 1338; baseline 0.002 -15"><span class='ocrx_word' id='word_1_203' title='bbox 244 1293 276 1331; x_wconf 98' lang='grc'>1)</span> <span class='ocrx_word' id='word_1_204' title='bbox 302 1290 450 1324; x_wconf 71' lang='lat' dir='ltr'>Miinzer</span> <span class='ocrx_word' id='word_1_205' title='bbox 472 1293 556 1331; x_wconf 62' lang='lat'>1743</span> <span class='ocrx_word' id='word_1_206' title='bbox 578 1294 630 1332; x_wconf 91' lang='grc'>11,</span> <span class='ocrx_word' id='word_1_207' title='bbox 653 1294 671 1323; x_wconf 85' lang='grc'><strong>6</strong></span> <span class='ocrx_word' id='word_1_208' title='bbox 698 1290 852 1324; x_wconf 72' lang='lat' dir='ltr'>fortasse</span> <span class='ocrx_word' id='word_1_209' title='bbox 876 1302 918 1324; x_wconf 79' lang='lat' dir='ltr'>ex</span> <span class='ocrx_word' id='word_1_210' title='bbox 939 1290 1147 1325; x_wconf 78' lang='lat' dir='ltr'>Aristotelis</span> <span class='ocrx_word' id='word_1_211' title='bbox 1167 1291 1289 1338; x_wconf 78' lang='grc' dir='ltr'><em>πέπλῳ</em></span> <span class='ocrx_word' id='word_1_212' title='bbox 1310 1292 1377 1325; x_wconf 85' lang='grc' dir='ltr'>Μο.</span> <span class='ocrx_word' id='word_1_213' title='bbox 1395 1296 1477 1326; x_wconf 85' lang='grc'><strong>672;</strong></span> 
     </span>
     <span class='ocr_line' id='line_1_20' title="bbox 149 1337 844 1381; baseline -0.001 -9"><span class='ocrx_word' id='word_1_214' title='bbox 149 1339 294 1381; x_wconf 70' lang='lat' dir='ltr'>‘parum</span> <span class='ocrx_word' id='word_1_215' title='bbox 319 1337 574 1381; x_wconf 84' lang='lat' dir='ltr'>probabiliter&#39;</span> <span class='ocrx_word' id='word_1_216' title='bbox 602 1337 711 1370; x_wconf 87' lang='lat' dir='ltr'>Hertz</span> <span class='ocrx_word' id='word_1_217' title='bbox 737 1339 844 1371; x_wconf 80' lang='lat' dir='ltr'>recte.</span> 
     </span>
    </p>

    <p class='ocr_par' dir='ltr' id='par_1_5' title="bbox 142 1383 1477 1992">
     <span class='ocr_line' id='line_1_21' title="bbox 241 1383 1475 1428; baseline 0.001 -10"><span class='ocrx_word' id='word_1_218' title='bbox 241 1387 274 1428; x_wconf 98' lang='grc'>2)</span> <span class='ocrx_word' id='word_1_219' title='bbox 301 1384 370 1418; x_wconf 84' lang='lat' dir='ltr'>Cfr.</span> <span class='ocrx_word' id='word_1_220' title='bbox 404 1383 619 1417; x_wconf 85' lang='lat' dir='ltr'>COMueller</span> <span class='ocrx_word' id='word_1_221' title='bbox 649 1385 744 1418; x_wconf 74' lang='lat' dir='ltr'>Fest.</span> <span class='ocrx_word' id='word_1_222' title='bbox 778 1384 890 1427; x_wconf 86' lang='lat' dir='ltr'>praef.</span> <span class='ocrx_word' id='word_1_223' title='bbox 924 1384 1006 1417; x_wconf 87' lang='lat' dir='ltr'>XIII</span> <span class='ocrx_word' id='word_1_224' title='bbox 1037 1384 1186 1418; x_wconf 69' lang='lat' dir='ltr'>Miinzer</span> <span class='ocrx_word' id='word_1_225' title='bbox 1218 1389 1293 1418; x_wconf 88' lang='grc'><strong>320.</strong></span> <span class='ocrx_word' id='word_1_226' title='bbox 1350 1385 1475 1419; x_wconf 61' lang='lat' dir='ltr'>Hertz:</span> 
     </span>
     <span class='ocr_line' id='line_1_22' title="bbox 149 1430 1476 1476; baseline 0.001 -12"><span class='ocrx_word' id='word_1_227' title='bbox 149 1431 321 1465; x_wconf 72' lang='lat' dir='ltr'>‘similem</span> <span class='ocrx_word' id='word_1_228' title='bbox 345 1431 455 1465; x_wconf 84' lang='lat' dir='ltr'>morti</span> <span class='ocrx_word' id='word_1_229' title='bbox 480 1430 662 1475; x_wconf 76' lang='lat' dir='ltr'>Diagorae</span> <span class='ocrx_word' id='word_1_230' title='bbox 689 1433 721 1475; x_wconf 63' lang='grc' dir='ltr'>(ξ</span> <span class='ocrx_word' id='word_1_231' title='bbox 745 1433 778 1476; x_wconf 85' lang='grc'><strong>3)</strong></span> <span class='ocrx_word' id='word_1_232' title='bbox 805 1434 958 1465; x_wconf 83' lang='lat' dir='ltr'>mortem</span> <span class='ocrx_word' id='word_1_233' title='bbox 986 1431 1147 1465; x_wconf 81' lang='lat' dir='ltr'>Chilonis</span> <span class='ocrx_word' id='word_1_234' title='bbox 1171 1432 1364 1466; x_wconf 84' lang='lat' dir='ltr'>rettulerat</span> <span class='ocrx_word' id='word_1_235' title='bbox 1389 1432 1476 1466; x_wconf 84' lang='lat' dir='ltr'>Her-</span> 
     </span>
     <span class='ocr_line' id='line_1_23' title="bbox 146 1477 1476 1523; baseline 0.001 -12"><span class='ocrx_word' id='word_1_236' title='bbox 146 1479 292 1523; x_wconf 79' lang='lat' dir='ltr'>mippus</span> <span class='ocrx_word' id='word_1_237' title='bbox 318 1478 437 1522; x_wconf 77' lang='lat' dir='ltr'>(Diog.</span> <span class='ocrx_word' id='word_1_238' title='bbox 460 1478 497 1510; x_wconf 93' lang='lat' dir='ltr'>L.</span> <span class='ocrx_word' id='word_1_239' title='bbox 518 1477 533 1510; x_wconf 93' lang='lat' dir='ltr'>I</span> <span class='ocrx_word' id='word_1_240' title='bbox 554 1482 584 1520; x_wconf 76' lang='lat'>3,</span> <span class='ocrx_word' id='word_1_241' title='bbox 608 1482 649 1511; x_wconf 85' lang='grc'>72</span> <span class='ocrx_word' id='word_1_242' title='bbox 677 1489 765 1512; x_wconf 82' lang='lat' dir='ltr'>corr.</span> <span class='ocrx_word' id='word_1_243' title='bbox 788 1478 833 1512; x_wconf 88' lang='lat' dir='ltr'>ab</span> <span class='ocrx_word' id='word_1_244' title='bbox 855 1478 981 1512; x_wconf 86' lang='lat' dir='ltr'>OJahn</span> <span class='ocrx_word' id='word_1_245' title='bbox 1009 1478 1137 1512; x_wconf 91' lang='lat' dir='ltr'>Philol.</span> <span class='ocrx_word' id='word_1_246' title='bbox 1160 1482 1215 1521; x_wconf 89' lang='grc'>26,</span> <span class='ocrx_word' id='word_1_247' title='bbox 1236 1480 1269 1523; x_wconf 87' lang='grc'><strong>4)</strong></span> <span class='ocrx_word' id='word_1_248' title='bbox 1296 1479 1476 1513; x_wconf 85' lang='lat' dir='ltr'>clarorum</span> 
     </span>
     <span class='ocr_line' id='line_1_24' title="bbox 146 1525 1474 1570; baseline 0 -11"><span class='ocrx_word' id='word_1_249' title='bbox 146 1526 304 1559; x_wconf 82' lang='lat' dir='ltr'>virorum</span> <span class='ocrx_word' id='word_1_250' title='bbox 335 1525 443 1558; x_wconf 86' lang='lat' dir='ltr'>morti</span> <span class='ocrx_word' id='word_1_251' title='bbox 469 1525 704 1569; x_wconf 79' lang='lat' dir='ltr'>indagandae</span> <span class='ocrx_word' id='word_1_252' title='bbox 730 1527 767 1559; x_wconf 88' lang='lat' dir='ltr'>et</span> <span class='ocrx_word' id='word_1_253' title='bbox 792 1526 1017 1559; x_wconf 78' lang='lat' dir='ltr'>enarrandae</span> <span class='ocrx_word' id='word_1_254' title='bbox 1043 1526 1190 1560; x_wconf 84' lang='grc'><strong>0111111110</strong></span> <span class='ocrx_word' id='word_1_255' title='bbox 1217 1526 1378 1560; x_wconf 81' lang='lat' dir='ltr'>curiosus</span> <span class='ocrx_word' id='word_1_256' title='bbox 1405 1527 1474 1570; x_wconf 63' lang='lat' dir='ltr'>(vd.</span> 
     </span>
     <span class='ocr_line' id='line_1_25' title="bbox 145 1572 1477 1617; baseline 0.001 -12"><span class='ocrx_word' id='word_1_257' title='bbox 145 1572 445 1612; x_wconf 75' lang='lat' dir='ltr'>LMendelssohn,</span> <span class='ocrx_word' id='word_1_258' title='bbox 465 1572 559 1605; x_wconf 88' lang='lat' dir='ltr'>Acta</span> <span class='ocrx_word' id='word_1_259' title='bbox 579 1583 649 1605; x_wconf 84' lang='lat' dir='ltr'>soc.</span> <span class='ocrx_word' id='word_1_260' title='bbox 670 1572 758 1616; x_wconf 86' lang='lat' dir='ltr'>phil.</span> <span class='ocrx_word' id='word_1_261' title='bbox 780 1572 876 1616; x_wconf 74' lang='lat' dir='ltr'>Lips.</span> <span class='ocrx_word' id='word_1_262' title='bbox 899 1572 930 1605; x_wconf 90' lang='lat' dir='ltr'>II</span> <span class='ocrx_word' id='word_1_263' title='bbox 953 1576 1048 1617; x_wconf 77' lang='lat'>193);</span> <span class='ocrx_word' id='word_1_264' title='bbox 1073 1572 1217 1606; x_wconf 84' lang='lat' dir='ltr'>collatis</span> <span class='ocrx_word' id='word_1_265' title='bbox 1237 1573 1361 1617; x_wconf 81' lang='lat' dir='ltr'>igitur,</span> <span class='ocrx_word' id='word_1_266' title='bbox 1382 1584 1477 1617; x_wconf 87' lang='lat' dir='ltr'>quae</span> 
     </span>
     <span class='ocr_line' id='line_1_26' title="bbox 144 1618 1475 1663; baseline 0 -10"><span class='ocrx_word' id='word_1_267' title='bbox 144 1620 191 1653; x_wconf 89' lang='lat' dir='ltr'>ad</span> <span class='ocrx_word' id='word_1_268' title='bbox 219 1630 321 1663; x_wconf 86' lang='lat' dir='ltr'>capp.</span> <span class='ocrx_word' id='word_1_269' title='bbox 345 1622 388 1652; x_wconf 86' lang='lat'>13</span> <span class='ocrx_word' id='word_1_270' title='bbox 414 1621 450 1652; x_wconf 85' lang='lat' dir='ltr'>et</span> <span class='ocrx_word' id='word_1_271' title='bbox 477 1622 518 1652; x_wconf 84' lang='lat'>17</span> <span class='ocrx_word' id='word_1_272' title='bbox 546 1618 737 1652; x_wconf 71' lang='lat' dir='ltr'>adnotavit</span> <span class='ocrx_word' id='word_1_273' title='bbox 756 1619 946 1662; x_wconf 73' lang='lat' dir='ltr'>Merckliu,</span> <span class='ocrx_word' id='word_1_274' title='bbox 973 1619 1039 1652; x_wconf 83' lang='lat' dir='ltr'>hoc</span> <span class='ocrx_word' id='word_1_275' title='bbox 1067 1620 1179 1653; x_wconf 84' lang='lat' dir='ltr'>etiam</span> <span class='ocrx_word' id='word_1_276' title='bbox 1206 1621 1316 1663; x_wconf 85' lang='lat' dir='ltr'>caput</span> <span class='ocrx_word' id='word_1_277' title='bbox 1341 1620 1388 1653; x_wconf 87' lang='lat' dir='ltr'>ad</span> <span class='ocrx_word' id='word_1_278' title='bbox 1411 1621 1475 1653; x_wconf 72' lang='lat' dir='ltr'>Fa-</span> 
     </span>
     <span class='ocr_line' id='line_1_27' title="bbox 144 1665 1473 1711; baseline 0.002 -12"><span class='ocrx_word' id='word_1_279' title='bbox 144 1667 309 1700; x_wconf 77' lang='lat' dir='ltr'>vorinum</span> <span class='ocrx_word' id='word_1_280' title='bbox 328 1666 475 1708; x_wconf 76' lang='lat' dir='ltr'>referas,</span> <span class='ocrx_word' id='word_1_281' title='bbox 495 1667 537 1699; x_wconf 87' lang='lat' dir='ltr'>ut</span> <span class='ocrx_word' id='word_1_282' title='bbox 556 1676 599 1699; x_wconf 81' lang='lat' dir='ltr'>ex</span> <span class='ocrx_word' id='word_1_283' title='bbox 613 1665 723 1699; x_wconf 86' lang='lat' dir='ltr'>Gellii</span> <span class='ocrx_word' id='word_1_284' title='bbox 743 1677 842 1700; x_wconf 85' lang='lat' dir='ltr'>more</span> <span class='ocrx_word' id='word_1_285' title='bbox 863 1666 1009 1710; x_wconf 72' lang='lat' dir='ltr'>singula</span> <span class='ocrx_word' id='word_1_286' title='bbox 1029 1677 1132 1710; x_wconf 83' lang='lat' dir='ltr'>capp.</span> <span class='ocrx_word' id='word_1_287' title='bbox 1153 1667 1249 1700; x_wconf 86' lang='lat' dir='ltr'>inter</span> <span class='ocrx_word' id='word_1_288' title='bbox 1268 1667 1355 1700; x_wconf 85' lang='lat' dir='ltr'>bina</span> <span class='ocrx_word' id='word_1_289' title='bbox 1370 1678 1473 1711; x_wconf 82' lang='lat' dir='ltr'>capp.</span> 
     </span>
     <span class='ocr_line' id='line_1_28' title="bbox 144 1712 1474 1757; baseline 0.002 -12"><span class='ocrx_word' id='word_1_290' title='bbox 144 1725 185 1747; x_wconf 69' lang='lat' dir='ltr'>ex</span> <span class='ocrx_word' id='word_1_291' title='bbox 206 1714 333 1747; x_wconf 83' lang='lat' dir='ltr'>eodem</span> <span class='ocrx_word' id='word_1_292' title='bbox 352 1712 453 1746; x_wconf 88' lang='lat' dir='ltr'>fonte</span> <span class='ocrx_word' id='word_1_293' title='bbox 474 1712 606 1746; x_wconf 76' lang='lat' dir='ltr'>hausta</span> <span class='ocrx_word' id='word_1_294' title='bbox 626 1713 819 1747; x_wconf 88' lang='lat' dir='ltr'>interiecta</span> <span class='ocrx_word' id='word_1_295' title='bbox 840 1714 922 1747; x_wconf 76' lang='lat' dir='ltr'>sint.</span> <span class='ocrx_word' id='word_1_296' title='bbox 967 1713 1164 1747; x_wconf 83' lang='lat' dir='ltr'>Varronem</span> <span class='ocrx_word' id='word_1_297' title='bbox 1188 1724 1384 1757; x_wconf 80' lang='lat' dir='ltr'>agnoscere</span> <span class='ocrx_word' id='word_1_298' title='bbox 1405 1714 1474 1747; x_wconf 73' lang='lat' dir='ltr'>sibi</span> 
     </span>
     <span class='ocr_line' id='line_1_29' title="bbox 144 1760 1474 1804; baseline 0.002 -11"><span class='ocrx_word' id='word_1_299' title='bbox 144 1761 288 1794; x_wconf 85' lang='lat' dir='ltr'>videtur</span> <span class='ocrx_word' id='word_1_300' title='bbox 307 1760 593 1801; x_wconf 77' lang='lat' dir='ltr'>Mendelssohn&#39;,</span> <span class='ocrx_word' id='word_1_301' title='bbox 615 1760 769 1793; x_wconf 83' lang='lat' dir='ltr'>fortasse</span> <span class='ocrx_word' id='word_1_302' title='bbox 789 1760 847 1794; x_wconf 88' lang='grc'><strong>1110</strong></span> <span class='ocrx_word' id='word_1_303' title='bbox 868 1760 997 1794; x_wconf 82' lang='lat' dir='ltr'>melius</span> <span class='ocrx_word' id='word_1_304' title='bbox 1018 1760 1102 1794; x_wconf 82' lang='lat' dir='ltr'>illis.</span> <span class='ocrx_word' id='word_1_305' title='bbox 1147 1760 1241 1794; x_wconf 85' lang='lat' dir='ltr'>Nam</span> <span class='ocrx_word' id='word_1_306' title='bbox 1262 1760 1354 1794; x_wconf 85' lang='lat' dir='ltr'>illud</span> <span class='ocrx_word' id='word_1_307' title='bbox 1371 1772 1474 1804; x_wconf 76' lang='lat' dir='ltr'>prae-</span> 
     </span>
     <span class='ocr_line' id='line_1_30' title="bbox 144 1806 1473 1851; baseline 0.001 -11"><span class='ocrx_word' id='word_1_308' title='bbox 144 1813 236 1841; x_wconf 66' lang='lat' dir='ltr'>terea</span> <span class='ocrx_word' id='word_1_309' title='bbox 261 1808 298 1840; x_wconf 90' lang='lat' dir='ltr'>in</span> <span class='ocrx_word' id='word_1_310' title='bbox 323 1811 341 1849; x_wconf 64' lang='grc' dir='ltr'>ξ</span> <span class='ocrx_word' id='word_1_311' title='bbox 362 1811 383 1840; x_wconf 86' lang='grc'><strong>4</strong></span> <span class='ocrx_word' id='word_1_312' title='bbox 410 1806 617 1851; x_wconf 80' lang='lat' dir='ltr'>significare</span> <span class='ocrx_word' id='word_1_313' title='bbox 642 1807 787 1841; x_wconf 89' lang='lat' dir='ltr'>videtur</span> <span class='ocrx_word' id='word_1_314' title='bbox 812 1807 966 1841; x_wconf 88' lang='lat' dir='ltr'>alterum</span> <span class='ocrx_word' id='word_1_315' title='bbox 993 1807 1066 1841; x_wconf 87' lang='lat' dir='ltr'>iam</span> <span class='ocrx_word' id='word_1_316' title='bbox 1094 1807 1250 1841; x_wconf 83' lang='lat' dir='ltr'>exordiri</span> <span class='ocrx_word' id='word_1_317' title='bbox 1276 1810 1473 1849; x_wconf 85' lang='lat' dir='ltr'>auctorem,</span> 
     </span>
     <span class='ocr_line' id='line_1_31' title="bbox 143 1854 1473 1897; baseline 0 -10"><span class='ocrx_word' id='word_1_318' title='bbox 143 1857 183 1888; x_wconf 85' lang='lat' dir='ltr'>ut</span> <span class='ocrx_word' id='word_1_319' title='bbox 208 1855 299 1888; x_wconf 88' lang='lat' dir='ltr'>haec</span> <span class='ocrx_word' id='word_1_320' title='bbox 324 1856 469 1888; x_wconf 88' lang='lat' dir='ltr'>tantum</span> <span class='ocrx_word' id='word_1_321' title='bbox 495 1854 747 1897; x_wconf 75' lang='lat' dir='ltr'>paragraphus</span> <span class='ocrx_word' id='word_1_322' title='bbox 774 1855 820 1888; x_wconf 86' lang='lat' dir='ltr'>ad</span> <span class='ocrx_word' id='word_1_323' title='bbox 841 1854 1007 1888; x_wconf 82' lang='lat' dir='ltr'>Verrium</span> <span class='ocrx_word' id='word_1_324' title='bbox 1029 1865 1071 1887; x_wconf 86' lang='lat' dir='ltr'>ex</span> <span class='ocrx_word' id='word_1_325' title='bbox 1091 1854 1285 1888; x_wconf 80' lang='lat' dir='ltr'>annalibus</span> <span class='ocrx_word' id='word_1_326' title='bbox 1304 1854 1473 1888; x_wconf 84' lang='lat' dir='ltr'>haurien-</span> 
     </span>
     <span class='ocr_line' id='line_1_32' title="bbox 142 1900 1472 1945; baseline 0 -11"><span class='ocrx_word' id='word_1_327' title='bbox 142 1904 215 1935; x_wconf 80' lang='lat' dir='ltr'>tem</span> <span class='ocrx_word' id='word_1_328' title='bbox 235 1901 428 1945; x_wconf 74' lang='lat' dir='ltr'>pertineat.</span> <span class='ocrx_word' id='word_1_329' title='bbox 469 1900 573 1934; x_wconf 83' lang='lat' dir='ltr'>Certe</span> <span class='ocrx_word' id='word_1_330' title='bbox 592 1900 802 1935; x_wconf 78' lang='lat' dir='ltr'>Aristotelis</span> <span class='ocrx_word' id='word_1_331' title='bbox 822 1912 952 1935; x_wconf 83' lang='lat' dir='ltr'>nomeu</span> <span class='ocrx_word' id='word_1_332' title='bbox 975 1904 1006 1945; x_wconf 68' lang='grc' dir='ltr'>(ξ</span> <span class='ocrx_word' id='word_1_333' title='bbox 1024 1904 1055 1945; x_wconf 91' lang='grc'>1)</span> <span class='ocrx_word' id='word_1_334' title='bbox 1076 1912 1192 1944; x_wconf 86' lang='lat' dir='ltr'>neque</span> <span class='ocrx_word' id='word_1_335' title='bbox 1213 1901 1311 1945; x_wconf 88' lang='lat' dir='ltr'>apud</span> <span class='ocrx_word' id='word_1_336' title='bbox 1326 1902 1472 1935; x_wconf 75' lang='lat' dir='ltr'>Festum</span> 
     </span>
     <span class='ocr_line' id='line_1_33' title="bbox 142 1947 757 1992; baseline -0.002 -10"><span class='ocrx_word' id='word_1_337' title='bbox 142 1958 260 1991; x_wconf 86' lang='lat' dir='ltr'>neque</span> <span class='ocrx_word' id='word_1_338' title='bbox 287 1948 385 1992; x_wconf 89' lang='lat' dir='ltr'>apud</span> <span class='ocrx_word' id='word_1_339' title='bbox 412 1947 566 1980; x_wconf 88' lang='lat' dir='ltr'>Paulum</span> <span class='ocrx_word' id='word_1_340' title='bbox 591 1948 757 1981; x_wconf 85' lang='lat' dir='ltr'>occurrit.</span> 
     </span>
    </p>

    <p class='ocr_par' dir='ltr' id='par_1_6' title="bbox 140 1994 1472 2180">
     <span class='ocr_line' id='line_1_34' title="bbox 236 1994 1472 2039; baseline -0.002 -10"><span class='ocrx_word' id='word_1_341' title='bbox 236 1998 269 2039; x_wconf 78' lang='lat'>3)</span> <span class='ocrx_word' id='word_1_342' title='bbox 295 1995 385 2028; x_wconf 83' lang='lat' dir='ltr'>Item</span> <span class='ocrx_word' id='word_1_343' title='bbox 406 1994 527 2028; x_wconf 76' lang='lat' dir='ltr'>Maass</span> <span class='ocrx_word' id='word_1_344' title='bbox 548 1994 672 2039; x_wconf 71' lang='lat' dir='ltr'>Bioyr.</span> <span class='ocrx_word' id='word_1_345' title='bbox 697 1995 759 2029; x_wconf 82' lang='lat' dir='ltr'>Gr.</span> <span class='ocrx_word' id='word_1_346' title='bbox 782 1998 847 2029; x_wconf 88' lang='grc'>106</span> <span class='ocrx_word' id='word_1_347' title='bbox 868 1995 951 2029; x_wconf 89' lang='lat' dir='ltr'>adn.</span> <span class='ocrx_word' id='word_1_348' title='bbox 975 1999 1051 2038; x_wconf 84' lang='grc'><strong>113,</strong></span> <span class='ocrx_word' id='word_1_349' title='bbox 1079 1995 1140 2038; x_wconf 90' lang='lat' dir='ltr'>qui</span> <span class='ocrx_word' id='word_1_350' title='bbox 1161 1995 1272 2028; x_wconf 86' lang='lat' dir='ltr'>etiam</span> <span class='ocrx_word' id='word_1_351' title='bbox 1293 1995 1337 2029; x_wconf 87' lang='lat' dir='ltr'>de</span> <span class='ocrx_word' id='word_1_352' title='bbox 1358 1995 1472 2028; x_wconf 89' lang='lat' dir='ltr'>omni-</span> 
     </span>
     <span class='ocr_line' id='line_1_35' title="bbox 140 2041 1471 2085; baseline -0.002 -9"><span class='ocrx_word' id='word_1_353' title='bbox 140 2053 235 2085; x_wconf 68' lang='lat' dir='ltr'>gena</span> <span class='ocrx_word' id='word_1_354' title='bbox 265 2041 420 2075; x_wconf 74' lang='lat' dir='ltr'>historia</span> <span class='ocrx_word' id='word_1_355' title='bbox 451 2041 600 2085; x_wconf 83' lang='lat' dir='ltr'>cogitat.</span> <span class='ocrx_word' id='word_1_356' title='bbox 653 2041 771 2075; x_wconf 86' lang='lat' dir='ltr'>Simili</span> <span class='ocrx_word' id='word_1_357' title='bbox 803 2042 911 2076; x_wconf 87' lang='lat' dir='ltr'>modo</span> <span class='ocrx_word' id='word_1_358' title='bbox 937 2042 1136 2076; x_wconf 82' lang='lat' dir='ltr'>Favorinus</span> <span class='ocrx_word' id='word_1_359' title='bbox 1161 2041 1353 2075; x_wconf 82' lang='lat' dir='ltr'>Platonem</span> <span class='ocrx_word' id='word_1_360' title='bbox 1381 2053 1471 2085; x_wconf 73' lang='lat' dir='ltr'>opus</span> 
     </span>
     <span class='ocr_line' id='line_1_36' title="bbox 141 2087 1471 2133; baseline -0.001 -11"><span class='ocrx_word' id='word_1_361' title='bbox 141 2090 186 2123; x_wconf 85' lang='lat' dir='ltr'>de</span> <span class='ocrx_word' id='word_1_362' title='bbox 211 2100 248 2122; x_wconf 89' lang='lat' dir='ltr'>re</span> <span class='ocrx_word' id='word_1_363' title='bbox 273 2088 423 2132; x_wconf 86' lang='lat' dir='ltr'>publica</span> <span class='ocrx_word' id='word_1_364' title='bbox 448 2087 523 2121; x_wconf 89' lang='lat' dir='ltr'>fere</span> <span class='ocrx_word' id='word_1_365' title='bbox 549 2090 667 2122; x_wconf 89' lang='lat' dir='ltr'>totum</span> <span class='ocrx_word' id='word_1_366' title='bbox 693 2099 712 2122; x_wconf 89' lang='lat' dir='ltr'>e</span> <span class='ocrx_word' id='word_1_367' title='bbox 740 2088 959 2133; x_wconf 85' lang='lat' dir='ltr'>Protagorae</span> <span class='ocrx_word' id='word_1_368' title='bbox 978 2087 1231 2133; x_wconf 70' lang='grc' dir='ltr'><strong><em>Ἀντιλογικοῖς</em></strong></span> <span class='ocrx_word' id='word_1_369' title='bbox 1255 2088 1471 2132; x_wconf 68' lang='lat' dir='ltr'>surripuisse</span> 
     </span>
     <span class='ocr_line' id='line_1_37' title="bbox 140 2134 1308 2180; baseline 0 -11"><span class='ocrx_word' id='word_1_370' title='bbox 140 2135 331 2169; x_wconf 79' lang='lat' dir='ltr'>insimulat</span> <span class='ocrx_word' id='word_1_371' title='bbox 356 2134 454 2178; x_wconf 90' lang='lat' dir='ltr'>apud</span> <span class='ocrx_word' id='word_1_372' title='bbox 480 2134 584 2179; x_wconf 83' lang='lat' dir='ltr'>Diog.</span> <span class='ocrx_word' id='word_1_373' title='bbox 607 2135 643 2168; x_wconf 88' lang='lat' dir='ltr'>L.</span> <span class='ocrx_word' id='word_1_374' title='bbox 665 2135 714 2168; x_wconf 94' lang='grc' dir='ltr'>ΙΠ</span> <span class='ocrx_word' id='word_1_375' title='bbox 735 2139 777 2169; x_wconf 82' lang='lat'>35</span> <span class='ocrx_word' id='word_1_376' title='bbox 798 2138 886 2180; x_wconf 83' lang='lat'>(57);</span> <span class='ocrx_word' id='word_1_377' title='bbox 913 2136 975 2170; x_wconf 82' lang='lat' dir='ltr'>cfr.</span> <span class='ocrx_word' id='word_1_378' title='bbox 997 2136 1093 2169; x_wconf 87' lang='lat' dir='ltr'>infra</span> <span class='ocrx_word' id='word_1_379' title='bbox 1111 2148 1145 2179; x_wconf 82' lang='lat' dir='ltr'>p.</span> <span class='ocrx_word' id='word_1_380' title='bbox 1167 2135 1308 2170; x_wconf 87' lang='lat' dir='ltr'>XXXII.</span> 
     </span>
    </p>

    <p class='ocr_par' dir='ltr' id='par_1_7' title="bbox 139 2181 1468 2273">
     <span class='ocr_line' id='line_1_38' title="bbox 233 2181 1468 2226; baseline -0.001 -10"><span class='ocrx_word' id='word_1_381' title='bbox 233 2184 267 2225; x_wconf 85' lang='grc'><strong>4)</strong></span> <span class='ocrx_word' id='word_1_382' title='bbox 296 2182 377 2215; x_wconf 80' lang='lat' dir='ltr'>‘but</span> <span class='ocrx_word' id='word_1_383' title='bbox 408 2182 470 2215; x_wconf 86' lang='lat' dir='ltr'>the</span> <span class='ocrx_word' id='word_1_384' title='bbox 501 2181 606 2215; x_wconf 82' lang='lat' dir='ltr'>bulk’</span> <span class='ocrx_word' id='word_1_385' title='bbox 642 2182 787 2225; x_wconf 77' lang='lat' dir='ltr'>(capitis</span> <span class='ocrx_word' id='word_1_386' title='bbox 816 2186 871 2226; x_wconf 88' lang='grc'>18)</span> <span class='ocrx_word' id='word_1_387' title='bbox 907 2183 962 2216; x_wconf 79' lang='lat' dir='ltr'>‘of</span> <span class='ocrx_word' id='word_1_388' title='bbox 988 2183 1051 2216; x_wconf 85' lang='lat' dir='ltr'>the</span> <span class='ocrx_word' id='word_1_389' title='bbox 1082 2185 1166 2216; x_wconf 87' lang='lat' dir='ltr'>note</span> <span class='ocrx_word' id='word_1_390' title='bbox 1197 2192 1282 2226; x_wconf 87' lang='lat' dir='ltr'>may</span> <span class='ocrx_word' id='word_1_391' title='bbox 1307 2182 1351 2215; x_wconf 82' lang='lat' dir='ltr'>be</span> <span class='ocrx_word' id='word_1_392' title='bbox 1378 2182 1468 2215; x_wconf 81' lang='lat' dir='ltr'>from</span> 
     </span>
     <span class='ocr_line' id='line_1_39' title="bbox 139 2228 1264 2273; baseline -0.001 -10"><span class='ocrx_word' id='word_1_393' title='bbox 139 2230 288 2263; x_wconf 74' lang='lat' dir='ltr'>Verrius</span> <span class='ocrx_word' id='word_1_394' title='bbox 314 2229 483 2271; x_wconf 70' lang='lat' dir='ltr'>Flaccus,</span> <span class='ocrx_word' id='word_1_395' title='bbox 510 2239 569 2262; x_wconf 81' lang='lat' dir='ltr'>sec</span> <span class='ocrx_word' id='word_1_396' title='bbox 595 2228 723 2262; x_wconf 76' lang='lat' dir='ltr'>Festus</span> <span class='ocrx_word' id='word_1_397' title='bbox 742 2241 777 2273; x_wconf 88' lang='lat' dir='ltr'>p.</span> <span class='ocrx_word' id='word_1_398' title='bbox 801 2230 882 2263; x_wconf 80' lang='lat'>‘210’</span> <span class='ocrx_word' id='word_1_399' title='bbox 909 2230 974 2264; x_wconf 85' lang='lat' dir='ltr'>Ne.</span> <span class='ocrx_word' id='word_1_400' title='bbox 998 2233 1076 2271; x_wconf 84' lang='grc'><strong>268,</strong></span> <span class='ocrx_word' id='word_1_401' title='bbox 1103 2229 1165 2262; x_wconf 84' lang='lat' dir='ltr'>cfr.</span> <span class='ocrx_word' id='word_1_402' title='bbox 1188 2232 1264 2262; x_wconf 84' lang='grc'><strong>226.</strong></span> 
     </span>
    </p>

    <p class='ocr_par' dir='ltr' id='par_1_8' title="bbox 233 2275 1107 2320">
     <span class='ocr_line' id='line_1_40' title="bbox 233 2275 1107 2320; baseline -0.001 -10"><span class='ocrx_word' id='word_1_403' title='bbox 233 2279 265 2320; x_wconf 78' lang='grc'><strong>5)</strong></span> <span class='ocrx_word' id='word_1_404' title='bbox 292 2275 344 2309; x_wconf 81' lang='lat' dir='ltr'>Ex</span> <span class='ocrx_word' id='word_1_405' title='bbox 371 2275 489 2309; x_wconf 84' lang='lat' dir='ltr'>Plinio</span> <span class='ocrx_word' id='word_1_406' title='bbox 516 2275 612 2309; x_wconf 79' lang='lat' dir='ltr'>Beck</span> <span class='ocrx_word' id='word_1_407' title='bbox 641 2279 694 2316; x_wconf 85' lang='grc'>17,</span> <span class='ocrx_word' id='word_1_408' title='bbox 721 2287 764 2310; x_wconf 84' lang='lat' dir='ltr'>ex</span> <span class='ocrx_word' id='word_1_409' title='bbox 790 2276 916 2310; x_wconf 86' lang='lat' dir='ltr'>Verrio</span> <span class='ocrx_word' id='word_1_410' title='bbox 943 2275 1008 2309; x_wconf 87' lang='lat' dir='ltr'>Ne.</span> <span class='ocrx_word' id='word_1_411' title='bbox 1030 2280 1107 2310; x_wconf 84' lang='grc'><strong>268.</strong></span> 
     </span>
    </p>
   </div>
  </div>
 </body>
</html>
