1611 2474
159 62 245 102 222
775 61 807 94 V
835 65 876 94 10

159 169 441 224 sophistarum
492 169 758 221 acerrimum,
808 183 929 209 usum
981 183 1069 209 esse
1113 169 1255 209 ferunt
1296 169 1493 210 adversus

158 228 450 281 Euathlum,
484 228 735 280 discipulum
769 241 901 268 suum.

122 298 144 328 4
246 287 316 327 Lis
354 301 536 339 namque
573 286 683 326 inter
720 300 790 326 eos
827 288 868 326 et
900 286 1183 326 controversia
1215 301 1340 339 super
1371 289 1492 339 pacta

123 346 346 386 5n1ercede
378 346 481 385 haec
511 345 602 385 fuit.
664 343 932 397 Euathlus,
963 344 1205 385 adulescens
1239 345 1371 397 dives,
1409 345 1491 386 elo-

158 405 353 456 quentiae
397 403 615 444 discendae
659 417 961 456 causarumque
1006 403 1151 443 orandi
1190 403 1362 456 cupiens
1399 403 1491 444 fuit.
1529 421 1544 445 5

123 462 196 504 61s
234 463 279 502 in
310 462 574 515 disciplinam
607 461 916 516 Protagorae
948 475 1036 501 sese
1069 461 1182 502 dedit
1214 462 1491 514 daturumque

157 521 352 574 promisit
382 521 614 561 mercedem
647 521 846 574 grandem
880 520 1112 573 pecuniam,
1145 523 1345 573 quantam
1374 519 1491 560 Pro-

156 582 358 634 tagoras
397 580 620 633 petiverat,
659 578 962 631 dimidiumque
1000 579 1087 619 eius
1126 579 1239 618 dedit
1276 579 1358 619 iam
1390 581 1491 619 tunc

156 639 316 689 statim,
368 639 613 692 priusquam
663 637 858 690 disceret,
907 637 1171 691 pepigitque,
1220 639 1268 677 ut
1315 636 1489 677 relicum

156 696 375 737 dimidium
414 697 547 749 daret,
585 710 668 749 quo
707 697 843 749 primo
882 696 947 736 die
985 709 1152 736 causam
1191 696 1302 748 apud
1333 696 1490 736 iudices
1512 713 1544 738 10

126 758 318 796 Tol-asset
350 758 390 796 et
422 756 600 796 vicisset.
656 754 808 795 Postea
840 768 935 795 cum
968 754 1127 795 diutule
1159 755 1325 795 auditor
1353 754 1490 795 adsec-

157 817 353 867 tatorque
391 813 699 868 Protagorae
742 813 891 853 fuisset
930 813 1026 865 (et)
1063 813 1107 853 in
1145 813 1282 853 studio
1322 813 1489 865 quidem

157 873 376 913 facundiae
408 872 572 913 abunde
605 872 894 925 promovisset,
927 885 1070 911 causas
1102 874 1243 911 tamen
1274 885 1358 911 non
1390 872 1489 912 reci-

156 934 274 984 peret
317 935 568 985 tempusque
606 932 688 970 iam
726 931 901 985 longum
939 932 1241 970 transcurreret
1277 932 1318 970 et
1354 930 1489 970 facere

156 990 200 1030 id
224 990 447 1042 videretur,
472 1004 524 1030 ne
551 990 724 1030 relicum
750 989 952 1029 mercedis
980 989 1106 1042 daret,
1132 989 1244 1041 capit
1267 988 1488 1028 consilium
1510 1005 1541 1030 15

119 1048 479 1103 8Protagoras,
511 1050 559 1088 ut
589 1050 679 1088 tum
713 1047 991 1100 existimabat,
1022 1049 1225 1088 astutum:
1256 1049 1397 1100 petere
1429 1047 1488 1087 in-

155 1108 263 1147 stitit
300 1122 350 1147 ex
387 1109 510 1160 pacto
550 1106 800 1159 mercedem,
843 1106 961 1146 litem
1001 1120 1094 1146 cum
1133 1105 1353 1145 Euathlo
1392 1119 1487 1146 con-

154 1168 342 1206 testatur.

120 1234 138 1264 9
241 1224 298 1265 Et
349 1238 443 1265 cum
493 1224 544 1263 ad
593 1223 749 1264 iudices
800 1223 1066 1264 coniciendae
1116 1222 1487 1275 consistendaeque

154 1296 301 1323 causae
334 1283 468 1337 gratia
499 1282 728 1335 venissent,
763 1285 854 1322 tum
885 1281 1191 1335 Protagoras
1223 1281 1283 1321 sic
1315 1295 1485 1322 exorsus
1506 1298 1539 1322 20

154 1344 233 1382 est:
273 1341 444 1395 ‘Disce,’
481 1341 621 1394 inquit
655 1340 916 1381 ‘stultissime
948 1340 1202 1392 adulescens,
1233 1342 1412 1392 utroque
1443 1339 1486 1379 id

153 1400 278 1440 modo
310 1400 418 1452 fore,
451 1400 515 1440 uti
545 1400 704 1451 reddas,
737 1399 849 1452 quod
881 1401 992 1452 pet0,
1025 1399 1110 1439 sive
1142 1401 1287 1438 contra
1319 1400 1360 1438 te
1391 1411 1485 1451 pro—

96 1469 138 1499 10
152 1459 393 1499 nuntiatum
425 1459 505 1499 erit
536 1458 622 1499 sive
654 1472 730 1511 pro
763 1460 814 1498 te.
870 1456 981 1498 Nam
1015 1458 1049 1497 si
1075 1460 1219 1497 contra
1245 1459 1285 1497 te
1310 1457 1362 1496 lis
1389 1457 1485 1496 data

153 1517 249 1569 erit,
292 1531 449 1558 merces
494 1516 597 1556 mihi
641 1531 692 1557 ex
736 1516 941 1556 sententia
985 1515 1221 1567 debebitur,
1265 1516 1362 1568 quia
1405 1528 1483 1569 ego

151 1576 308 1629 vicer03
347 1576 411 1616 sin
448 1589 545 1616 vero
586 1575 812 1615 secundum
851 1577 892 1615 te
929 1574 1159 1614 iudicatum
1193 1574 1288 1626 erit,
1325 1587 1482 1614 merces
1503 1590 1535 1615 ‘25

151 1634 257 1674 mihi
288 1649 338 1675 ex
370 1636 493 1687 pacto
526 1633 762 1686 debebitur,
795 1633 892 1685 quia
923 1636 970 1673 tu
1002 1633 1175 1673 viceris’

95 1704 132 1732 11
239 1692 306 1733 Ad
349 1707 395 1733 ea
435 1692 652 1746 respondit
689 1691 954 1732 Euathlus:
999 1690 1153 1731 ‘Potui’
1193 1691 1332 1742 inquit
1369 1690 1484 1731 ehuic

152 1755 248 1792 tuae
285 1755 372 1792 tam
411 1752 584 1804 ancipiti
623 1751 807 1804 captioni
838 1751 919 1790 isse
952 1750 1136 1803 obviam,
1174 1750 1209 1789 si
1240 1749 1366 1789 verba
1396 1763 1483 1788 non

95 1811 241 1864 12ipse
283 1811 463 1850 facerem
507 1813 632 1862 atque
676 1810 758 1850 alio
797 1812 974 1862 patrono
1012 1811 1160 1849 uterer.
1229 1806 1310 1847 Sed
1347 1807 1481 1847 maius

151 1869 256 1909 mihi
292 1869 336 1909 in
372 1869 452 1909 ista
490 1868 664 1909 victoria
701 1866 941 1921 prolubium
981 1870 1060 1919 est,
1104 1880 1197 1907 cum
1235 1869 1276 1906 te
1315 1880 1401 1906 non
1437 1866 1482 1905 in
1501 1882 1534 1907 30

151 1941 275 1968 causa
318 1930 501 1980 tantum,
545 1926 616 1967 sed
654 1927 698 1966 in
736 1928 983 1980 argumento
1023 1939 1189 1978 quoque
1228 1925 1308 1965 isto
1346 1924 1479 1964 vinco.

94 1997 136 2027 13
150 1985 275 2026 Disce
300 1986 430 2040 igitur
455 1988 501 2026 tu
528 1999 707 2038 quoque,
733 1985 934 2039 magister
960 1984 1277 2037 sapientissime,
1301 1985 1480 2035 utroque

246 2105 265 2134 3
290 2100 323 2134 Is
351 2100 435 2145 ωΗὸ
462 2100 655 2144 pithagore
682 2101 809 2143 (saepe)
830 2103 854 2132 P
870 2099 882 2145 Η
898 2103 917 2132 9
944 2099 1083 2132 diceret
1107 2097 1252 2142 pepigit
1270 2096 1323 2142 ΒΗ
1338 2099 1379 2130 10
1405 2096 1479 2140 pri-

150 2160 251 2182 mum
270 2151 294 2180 P
313 2148 471 2191 primam
494 2148 556 2181 Gr.
577 2149 587 2190 ΙΙ
610 2150 649 2180 12
678 2148 713 2180 et
733 2147 816 2180 add.
839 2158 857 2179 σ
877 2148 888 2189 Η
910 2149 950 2178 16
973 2147 1015 2179 ut
1035 2156 1115 2179 cum
1134 2148 1195 2177 PV
1217 2146 1221 2187 1
1244 2143 1407 2177 instituit
1426 2143 1480 2189 ΒΗ

153 2198 194 2228 19
227 2194 457 2228 consistende
482 2197 511 2226 V
536 2194 719 2227 ineundae
745 2192 1096 2235 constituendaeque
1121 2192 1172 2226 Io.
1194 2191 1341 2232 Sarisb,
1361 2191 1479 2233 possis

151 2240 503 2283 consciscendaeque
523 2242 533 2283 ΙΙ
554 2244 595 2273 27
624 2240 745 2285 Potui]
772 2243 801 2272 R
827 2241 889 2273 otu
914 2242 942 2272 V
969 2238 1064 2283 Opto
1089 2240 1144 2282 ΡΗ
1164 2241 1206 2272 30
1232 2240 1339 2281 pro<s.
1359 2238 1478 2281 prae)-

150 2289 292 2322 ludium
313 2299 333 2325 ς
