1591 2474
148 39 201 79 14
602 36 838 71 CAPITVLA
864 36 950 70 LIB.
976 36 1024 70 IV

148 147 234 186 sint
255 146 432 186 ‘hostiae
453 145 754 198 suecidaneae',
776 143 876 198 quid
896 144 997 184 item
1019 144 1160 197 ‘porca
1180 144 1490 198 praecidanea'3,

148 208 189 245 et
227 204 339 258 quod
379 203 529 257 Capito
566 200 714 244 Ateius
751 204 877 243 ferias
918 203 1119 255 quasdam
1161 203 1485 256 ‘praecidaneas'

150 262 392 317 appellavit.

236 320 317 362 VII
350 321 414 365 De
445 321 626 374 epistula
652 320 813 360 Valerii
842 319 971 359 Probi
1004 320 1268 374 grammatici
1299 319 1351 360 ad
1376 319 1486 360 Mar-

149 380 301 421 cellum
352 380 508 432 scripta
559 394 683 432 super
731 381 906 419 accentu
956 378 1175 418 nominum
1222 378 1485 432 quorundam

148 439 440 479 Poenicorum.

237 496 342 538 VIII
375 497 484 545 Quid
512 496 554 537 C.
581 496 799 536 Fabricius
833 496 882 535 de
910 494 1104 536 Cornelio
1131 494 1286 536 Rufino
1315 495 1487 535 homine

149 571 273 597 avaro
317 556 486 608 dixerit,
532 570 653 608 quem
665 588 674 608 ,
719 569 813 595 cum
853 554 1009 594 odisset
1048 554 1328 608 inimicusque
1366 556 1488 608 esset,

150 615 454 669 designandum
486 617 628 654 tamen
660 613 874 654 consulem
908 613 1078 653 curavit.

237 673 297 714 IX
340 672 449 721 Quid
482 673 691 726 significet
722 672 891 725 proprie
926 671 1195 725 ‘religiosus'3
1234 674 1274 711 et
1305 671 1347 711 in
1382 685 1488 724 quae

151 731 406 773 deverticula
433 731 686 785 significatio
716 731 836 771 istius
858 730 1053 771 vocabuli
1073 730 1180 770 flexa
1201 730 1272 783 sit3
1299 733 1340 770 et
1362 730 1489 770 verba

150 790 314 846 Nigidii
334 789 475 845 Figuli
502 805 551 830 ex
579 790 890 830 commentariis
917 790 1005 829 eius
1034 803 1158 841 super
1179 804 1225 829 ea
1245 803 1288 829 re
1309 791 1488 841 sumpta.

238 849 276 889 X
304 848 413 897 Quid
441 849 707 889 observatum
737 848 786 888 de
811 848 954 888 ordine
974 848 1255 901 rogandarum
1276 848 1320 887 in
1341 849 1489 887 senatu

151 909 472 961 sententiarum3
505 909 725 962 iurgiaque
758 908 801 946 in
834 909 979 947 senatu
1014 906 1055 946 U.
1084 904 1272 946 Caesaris
1305 905 1489 946 consulis

153 970 193 1007 et
223 966 277 1007 M.
306 966 476 1007 Catonis
510 967 619 1006 diem
654 966 829 1006 dicendo
863 965 1096 1005 eximentis.

238 1024 298 1065 XI
343 1025 457 1073 Quae
500 1025 723 1078 qualiaque
763 1025 864 1077 sint7
908 1038 1013 1077 quae
1050 1023 1328 1063 Aristoxenus
1367 1023 1488 1076 quasi

151 1085 286 1138 magis
320 1086 534 1137 comperta
567 1084 616 1123 de
648 1082 890 1137 Pythagora
922 1082 1147 1122 memoriae
1180 1081 1412 1134 mandavit3
1448 1084 1491 1122 et

152 1157 258 1196 quae
301 1143 402 1183 item
440 1142 693 1183 Plutarchus
738 1143 779 1181 in
826 1141 1001 1181 eundem
1046 1141 1217 1181 modum
1256 1140 1305 1180 de
1342 1140 1490 1180 eodem

152 1201 395 1256 Pythagora
429 1202 655 1254 scripserit.

239 1259 321 1300 XII
361 1259 500 1300 Notae
533 1262 574 1300 et
606 1259 988 1300 animadversiones
1021 1258 1233 1299 censoria-e
1266 1258 1310 1298 in
1341 1257 1491 1297 veteri-

153 1319 230 1359 bus
263 1319 547 1359 monumentis
580 1321 767 1371 repertae
800 1318 1002 1357 memoria
1035 1317 1196 1372 dignae.

239 1376 342 1426 XIII
364 1377 484 1425 Quod
506 1378 764 1417 incentiones
786 1377 989 1428 quaedam
1010 1376 1209 1415 tibiarum
1230 1377 1342 1415 certo
1364 1374 1489 1414 modo

152 1436 287 1476 factae
319 1436 513 1477 ischiacis
547 1435 703 1476 mederi
734 1438 922 1488 possunt.

240 1494 342 1535 XIV
384 1494 592 1535 Narratur
627 1494 806 1534 historia
845 1493 893 1532 de
927 1492 1111 1533 Hostilio
1144 1491 1340 1532 Mancino
1380 1490 1489 1531 aedi-

151 1553 255 1593 lium
283 1556 323 1593 et
342 1553 516 1593 Manilia
540 1553 775 1606 meretrice3
802 1552 1012 1604 verbaque
1033 1551 1189 1591 decreti
1209 1550 1491 1602 tribunorum,

154 1612 206 1652 ad
239 1627 345 1665 quos
377 1627 400 1652 a
432 1611 607 1652 Manilia
640 1614 913 1664 provocatum
946 1612 1018 1650 est.

240 1670 319 1710 XV
358 1670 541 1711 Defensa
572 1686 595 1711 a
622 1669 744 1723 culpa
771 1669 978 1710 sententia
1005 1684 1053 1709 ex
1080 1668 1259 1708 historia
1286 1666 1491 1720 Sallustii,

154 1744 279 1782 quam
318 1730 453 1783 iniqui
491 1730 579 1769 eius
618 1743 711 1769 cum
752 1728 1024 1768 insectatione
1064 1726 1239 1781 maligni
1270 1725 1490 1779 reprehen-

154 1788 301 1828 derint.

241 1846 343 1887 XVI
386 1846 448 1886 De
487 1846 704 1887 vocabulis
738 1844 989 1898 quibusdam
1022 1859 1046 1884 a
1077 1843 1265 1884 Varrone
1297 1845 1338 1883 et
1368 1841 1489 1897 Nigi-

155 1904 222 1945 dio
250 1908 395 1945 contra
422 1905 622 1945 cotidiani
649 1904 853 1945 sermonis
880 1902 1225 1944 consuetudinem
1252 1901 1490 1955 declinatis3

154 1966 280 2016 atque
319 1964 424 2003 inibi
463 1963 504 2003 id
542 1978 673 2018 genus
707 1963 910 2015 quaedam
944 1977 1037 2003 cum
1067 1959 1268 2014 exemplis
1299 1962 1488 2000 veterum

156 2023 298 2062 relata.

242 2079 365 2120 XVII
415 2079 477 2120 De
521 2083 670 2120 natura
715 2080 975 2133 quarundam
1020 2077 1338 2131 particularum,
1382 2090 1489 2129 quae

154 2139 419 2192 praepositae
463 2138 601 2178 verbis
646 2139 805 2178 intendi
849 2141 974 2190 atque
1017 2136 1193 2190 produci
1234 2135 1410 2175 barbare
1448 2138 1490 2175 et

155 2198 303 2238 inscite
340 2197 551 2246 videntur,
590 2196 791 2250 exemplis
824 2196 1142 2247 rationibusque
1173 2193 1375 2247 plusculis
1408 2192 1489 2233 dis-

156 2259 380 2309 ceptatum.
