1611 2474
130 70 211 111 188
711 71 761 105 IV
787 75 824 113 ὃς
852 76 871 105 6

128 178 396 232 dicatumque
428 179 575 231 fuerat,
606 192 751 219 versus
783 178 852 219 hic
884 178 986 219 scite
1017 179 1151 220 factus
1183 182 1456 234 cantatusque

128 251 218 278 esse
251 252 274 277 a
304 238 444 291 pueris
476 237 578 277 urbe
610 239 701 277 tota
730 237 863 277 fertur
896 238 950 291 (p.
971 240 1027 278 37
1040 237 1129 290 B.):

186 313 367 354 malum
400 312 669 353 consilium
703 314 986 354 consultori
1018 314 1287 368 pessimum
1320 318 1405 355 est.

93 400 112 430 6
215 388 278 429 Ea
308 389 486 430 historia
518 389 567 429 de
599 389 863 442 aruspicibus
890 404 938 430 ac
963 390 1012 430 de
1038 405 1159 431 versu
1185 391 1266 431 isto
1293 391 1456 432 senario

128 448 285 501 scripta
310 450 373 488 est
398 449 442 488 in
467 447 734 489 annalibus
761 448 1009 502 maximis,
1036 448 1168 490 libro
1194 450 1456 491 undecimo

129 508 198 559 (fr.
225 510 253 547 3
273 505 360 559 P),
400 509 440 546 et
477 508 521 547 in
551 505 698 547 Verri
729 506 896 547 Flacci
934 507 1064 548 libro
1103 509 1262 561 primo
1295 523 1456 549 rerum

96 566 366 606 Tmemoria
404 565 665 620 dignarum
706 566 759 618 (p.
790 565 921 606 XIII
938 566 1033 619 Mf).
1099 565 1279 607 Videtur
1317 570 1456 607 autem

127 638 270 664 versus
313 624 383 664 hic
426 624 475 664 de
515 623 672 664 Graeco
717 624 789 664 illo
828 624 1037 665 Hesiodi
1078 640 1200 666 versu
1238 640 1458 679 expressus

129 681 235 737 (ἔργ.
256 683 378 733 266);

185 764 210 818 ἡ
244 762 297 805 δὲ
328 765 452 818 κακὴ
484 766 645 818 βουλὴ
677 771 741 821 τῷ
774 766 1120 819 βουλεύσαντι
1151 768 1375 820 κακίστη.

766 881 825 923 VI

128 962 250 996 Verba
274 963 407 996 veteris
434 962 742 996 senatusconsulti
770 963 906 1005 posita,
940 974 1011 1006 quo
1038 963 1223 997 decretum
1249 966 1305 997 est
1330 963 1460 997 hostiis

174 1009 374 1043 maioribus
404 1010 643 1053 expiandum,
677 1009 773 1051 quod
800 1010 838 1042 in
864 1010 1023 1043 sacrario
1050 1010 1179 1044 hastae
1204 1010 1360 1044 Martiae
1385 1022 1459 1044 mo-

174 1057 328 1098 vissent3
355 1057 466 1099 atque
488 1056 540 1089 ibi
562 1058 781 1098 enarratum⁷
809 1057 898 1099 quid
919 1058 993 1090 sint
1014 1057 1171 1091 ‘hostiae
1191 1058 1460 1099 succidaneae’,

174 1103 264 1146 quid
290 1104 379 1137 item
407 1104 533 1147 ‘porca
558 1104 837 1146 praecidanea’3
865 1105 902 1137 et
927 1105 1025 1148 quod
1046 1103 1174 1148 Capito
1194 1104 1322 1138 Ateius
1349 1104 1459 1139 ferias
1497 1116 1513 1140 5

177 1151 470 1194 ‘praecidaneae’
499 1150 712 1194 appellavit.

96 1245 111 1273 1
216 1233 275 1275 Vt
317 1237 470 1275 terram
507 1234 689 1275 movisse
728 1235 914 1275 nuntiari
953 1235 1060 1276 solet
1098 1250 1227 1288 eaque
1264 1249 1329 1275 res
1368 1249 1460 1288 pro-

129 1295 308 1347 curatur,
338 1293 397 1334 ita
422 1294 466 1334 in
491 1292 750 1334 veteribus
776 1293 1031 1335 memoriis
1059 1294 1261 1347 scriptum
1280 1293 1460 1348 legimus

128 1352 368 1392 nuntiatum
419 1366 507 1393 esse
554 1352 717 1392 senatui
761 1353 804 1392 in
849 1353 1029 1393 sacrario
1074 1353 1115 1392 in
1159 1353 1276 1407 regia
1318 1353 1460 1393 hastas

94 1410 320 1451 2Martias.
351 1411 543 1451 movisse.
617 1410 721 1450 Eius
770 1411 829 1450 rei
879 1425 1004 1452 causa
1050 1412 1460 1452 senatusconsultum

128 1470 287 1510 factum
326 1472 388 1509 est
424 1469 479 1510 Μ.
506 1468 693 1510 Antonio
725 1468 773 1509 A.
801 1469 1020 1510 Postumio
1059 1469 1318 1523 consulibus,
1356 1471 1460 1510 eius-

130 1542 210 1581 que
254 1528 493 1581 exemplum
536 1528 617 1568 hoc
660 1531 739 1568 est:
784 1526 921 1576 Quod
961 1528 1002 1569 O.
1034 1527 1196 1568 Iulius
1233 1528 1278 1568 L.
1316 1529 1460 1569 filius

130 1587 360 1640 pontifex
389 1586 649 1627 nuntiavit
675 1587 723 1626 in
750 1588 971 1627 sacrario
997 1587 1102 1640 <in>
1126 1588 1266 1641 regia
1291 1587 1461 1628 hastas

129 1645 339 1686 Martias
377 1646 610 1698 movisse,
652 1645 707 1685 de
745 1660 799 1685 ea
835 1659 884 1685 re
922 1645 991 1686 ita
1029 1648 1348 1698 censuerunt,
1386 1646 1461 1686 uti

128 1703 183 1744 M.
215 1703 467 1745 Antonius
512 1704 687 1745 consul
729 1704 916 1744 hostiis
957 1704 1231 1745 maioribus
1269 1703 1377 1745 Iovi
1414 1707 1461 1745 et

128 1761 279 1803 Marti
310 1766 604 1816 procuraret
636 1765 682 1803 et
714 1762 896 1803 ceteris
928 1762 1020 1816 dis,
1059 1763 1238 1816 quibus
1271 1763 1460 1803 videre-

129 1824 226 1874 tur,
263 1821 588 1863 lactantibus.
650 1820 822 1874 <Ibus>
853 1822 927 1861 uti
960 1823 1298 1875 procurasset,
1337 1821 1461 1862 satis

224 1952 243 1981 3
271 1948 332 1982 cfr.
355 1948 457 1991 Otto,
485 1948 658 1992 Sprichw.
682 1960 715 1991 p.
739 1952 781 1981 90
927 1952 968 1981 18
994 1949 1110 1982 Amin.
1132 1948 1247 1981 XXXI
1268 1952 1299 1991 4,
1322 1951 1339 1982 7

224 2070 243 2099 5
270 2065 430 2099 anilibus
449 2069 513 2098 RV
532 2067 543 2109 Η
565 2069 582 2098 7
610 2065 805 2109 dignarum
830 2065 1019 2109 hucusque
1037 2069 1063 2098 P
1082 2066 1145 2108 cfr.
1167 2067 1192 2099 Ι
1208 2068 1243 2107 8,
1265 2068 1286 2098 6
1305 2067 1316 2109 ΙΙ
1338 2069 1378 2098 12
1398 2075 1459 2099 ue—

129 2113 199 2146 teri
230 2116 292 2145 PV
321 2114 324 2156 Ι
354 2112 663 2146 senatusconsulti
696 2113 744 2145 sit
776 2123 796 2145 a
829 2112 906 2155 (-tis
938 2112 992 2146 ita
1016 2114 1054 2156 P)
1087 2123 1158 2155 quo
1190 2125 1216 2145 ω
1247 2123 1335 2146 corr.
1363 2112 1462 2145 Lion

130 2160 203 2193 sita
222 2159 286 2193 dez.
308 2160 420 2193 Hertz
439 2161 450 2203 u
472 2163 512 2192 13
533 2159 653 2193 hostie
672 2159 781 2193 marti
802 2159 886 2202 (arti
905 2160 944 2203 P>
965 2172 991 2192 ω
1015 2160 1018 2203 Ι
1040 2160 1257 2193 mouissetv
1276 2160 1287 2202 11
1309 2162 1350 2191 15
1370 2159 1460 2192 item

129 2208 295 2250 tempore
321 2206 568 2249 apracidanea
593 2220 619 2240 ω
645 2217 734 2240 corr.
758 2206 819 2240 Gr.
845 2207 849 2250 Ι
872 2206 919 2239 ad
945 2206 1022 2240 eius
1049 2220 1075 2240 ω
1099 2206 1103 2251 1
1127 2209 1169 2239 20
1196 2205 1388 2239 consilium
1407 2206 1462 2251 VM

130 2257 172 2287 21
201 2264 261 2287 cos
287 2255 407 2297 021123
433 2253 471 2286 in
497 2253 580 2286 add.
606 2264 625 2286 σ
644 2255 655 2296 Η
676 2256 718 2286 26
744 2252 854 2286 Marti
881 2264 901 2286 σ
931 2252 978 2286 M.
1006 2266 1032 2286 ω
1051 2254 1062 2296 Η
1083 2256 1124 2286 27
1151 2252 1406 2296 plantantibus
1433 2266 1461 2285 ω

129 2312 217 2336 corr.
239 2300 407 2335 Huschke
425 2304 457 2334 et
476 2300 588 2333 Hertz
614 2299 805 2343 placandis
827 2311 846 2333 6
868 2302 872 2343 Ι
894 2299 978 2333 Ibus
1005 2299 1086 2334 add.
1107 2300 1298 2343 Scioppius

1480 785 1512 809 10

1481 1430 1514 1454 20

1482 1722 1513 1747 25
