1617 2484
605 68 873 102 PRAEFATIO
1346 67 1372 100 X
1381 67 1409 100 V

68 194 164 229 cnm,
197 197 226 219 ω
254 193 415 227 noscam,
449 175 499 222 Q²
526 181 639 217 uelud
664 192 746 217 enm
782 180 891 217 XVII
914 184 951 226 8,
973 181 996 216 4
1025 175 1057 221 Q
1082 191 1247 225 sommis,
1278 193 1307 216 ω
1329 191 1409 217 sca-

70 244 165 287 tens,
205 235 255 282 (2²
286 251 420 277 carens
457 239 546 276 XIX
578 242 641 285 10,
673 242 719 276 11
751 235 783 280 Q
813 241 932 286 omni,
965 254 994 276 ω
1024 240 1143 285 ennii,
1177 233 1227 280 Q?
1251 239 1410 285 lumem-113

71 301 138 338 cfr.
159 300 322 337 eundem
349 299 539 335 sinceram
560 299 763 335 lectionem
788 298 877 335 libri
898 293 930 340 Q
950 298 1232 335 deformantem
1254 298 1286 334 X
1304 299 1369 344 27,
1386 300 1407 334 2

70 359 321 406 reipublicae
354 357 407 393 XI
432 358 481 393 18
507 358 633 394 Iemm.
661 359 775 394 draco
802 359 1023 394 (atheniensi
1057 357 1126 393 XII
1157 360 1188 398 1,
1215 358 1263 393 17
1281 356 1409 393 :XV

72 420 138 464 31,
166 418 189 453 4
222 417 316 454 mali
354 416 448 453 XIII
479 418 542 461 17,
570 418 590 452 4
622 416 832 453 1²1-a.1·2't‹›l‹›s
859 418 979 462 inquit
1011 415 1081 452 XV
1106 418 1169 462 11,
1196 419 1211 452 1
1241 417 1297 453 uti
1323 417 1411 453 eive-

69 479 202 514 rentur
232 476 380 522 fideque
420 478 484 521 20,
513 476 536 511 4
557 475 725 522 perdicis
751 476 909 512 rhetoris
941 475 1032 511 XVI
1060 476 1096 520 4,
1129 478 1141 511 1
1180 474 1335 512 Curtius
1362 476 1409 511 al.

70 535 208 583 Itaque
240 536 280 571 111
311 535 371 572 1115
403 534 728 572 hariolationibus
758 535 842 571 oleo
870 536 907 571 et
934 547 1072 582 operae
1099 535 1255 582 peperci
1280 534 1410 570 allatis·

35 619 37 624 ψ
69 595 135 641 iis,
179 594 279 630 unde
325 593 474 641 aliquid
518 593 616 630 lucri
656 595 805 641 sperari
842 596 983 642 posset.
1054 593 1157 630 Idem
1195 594 1236 630 in
1274 595 1410 630 ceteris

69 652 217 690 factum
256 654 331 698 est,
369 664 535 700 quorum
573 652 719 689 suffieit
756 652 892 689 afferre
930 651 1062 688 XVIII
1093 655 1127 699 1,
1155 648 1272 701 91110.
1336 651 1412 688 Ubi

70 725 157 750 cum
194 723 221 761 γ
258 713 347 760 post
386 712 541 757 congius
578 723 757 759 perverse
796 711 1025 748 addidisset:
1068 712 1135 749 hoc
1171 711 1237 748 ubi
1275 713 1413 757 acc-epi?

64 772 346 819 peripateticus,
379 771 613 807 correctores
642 782 718 807 uno
745 782 933 808 consensu
958 769 1088 815 verba,
1121 782 1220 818 quae
1247 783 1412 818 sequun-

70 831 151 876 tur,
189 841 265 867 non
304 830 508 867 convenire
546 830 803 877 peripatetIco
840 829 937 866 bene
974 831 1256 879 cognoverunt,
1295 841 1409 877 quani

71 888 118 926 ob
151 901 308 926 causam
337 888 477 925 ultimo
504 888 620 925 verbo
647 888 831 925 damnato
856 889 994 925 stoicus
1020 889 1208 935 scriptum
1235 890 1304 935 est,
1335 900 1411 924 non

70 947 253 985 viderunt
277 948 405 984 totum
432 946 743 984 additamentum
769 946 1010 984 subditivum
1036 949 1173 983 natum
1197 959 1277 984 esse
1298 947 1413 995 culpa

72 1006 225 1044 librarii
269 1006 318 1042 ad
356 1018 510 1043 vorsum
548 1008 772 1053 sequentem
812 1005 1039 1043 aberrantis.
1107 1006 1246 1042 Manus
1284 1019 1411 1043 recen-

71 1066 245 1103 tissimae
267 1059 335 1115 (03
355 1062 444 1115 etc.)
473 1065 591 1102 semel
614 1065 676 1101 vel
696 1064 755 1102 bis
776 1065 1008 1102 medicinam
1029 1065 1248 1102 attulerunt
1268 1066 1412 1112 aptam.
1436 1058 1483 1101 Ο3

159 1124 231 1161 His
275 1123 385 1161 libris
423 1123 543 1160 Hertz
587 1123 780 1173 florilegia
817 1124 958 1161 codicis
996 1123 1088 1161 bibl.
1128 1128 1206 1160 nat.
1244 1124 1414 1161 Parisini

73 1183 185 1220 4952
214 1177 282 1233 (Τ)
309 1195 405 1220 saec.
433 1182 507 1219 XII
534 1184 573 1219 et
592 1182 776 1220 Vaticani
804 1183 914 1219 3307
939 1177 1011 1234 (Y)
1032 1195 1128 1220 saec.
1150 1182 1225 1219 XII
1251 1182 1411 1219 addidit.
1433 1178 1463 1219 'l'
1490 1178 1524 1219 Y

73 1241 148 1279 Sed
192 1254 432 1290 quamquam
473 1242 610 1279 ceteris
649 1242 727 1278 fere
767 1242 1007 1289 antiquiores
1045 1241 1189 1278 bonum
1227 1241 1415 1290 praebent

72 1302 234 1347 textum,
259 1302 402 1347 tamen,
429 1313 517 1337 cum
542 1300 646 1337 haud
672 1301 728 1337 ita
754 1313 868 1348 saepe
894 1312 1014 1337 novas
1035 1301 1200 1338 afferant
1219 1301 1414 1345 lectiones,

72 1360 216 1406 rarius,
248 1361 293 1396 ut
324 1359 343 1395 I
370 1360 406 1405 9,
437 1361 455 1395 1
485 1361 584 1396 ναίἱο
619 1360 683 1405 13,
714 1361 734 1395 7
765 1359 820 1395 IX
849 1360 914 1405 13,
943 1361 997 1397 20
1022 1359 1225 1396 manliana
1256 1359 1274 1395 I
1301 1361 1365 1407 19,
1391 1362 1412 1396 2

73 1429 165 1464 quos
196 1429 274 1455 esse
313 1419 379 1464 24,
407 1419 431 1454 4
464 1421 542 1455 tam
573 1419 641 1455 etsi
677 1418 711 1455 X
741 1420 804 1465 15,
833 1420 887 1455 20
916 1430 963 1456 oze
996 1418 1092 1455 XIII
1121 1419 1158 1466 5,
1185 1420 1208 1455 3
1237 1419 1416 1455 eudemus

73 1476 166 1514 XIV
189 1478 224 1524 7,
243 1477 265 1514 5
287 1477 570 1514 constituendae
595 1476 667 1513 XV
684 1478 748 1525 18,
765 1479 787 1514 3
810 1489 855 1514 ea
880 1477 972 1514 XVI
990 1480 1024 1524 1,
1041 1478 1064 1515 3
1080 1478 1192 1524 pm’or
1219 1479 1294 1528 4,2
1316 1480 1415 1524 πίεν,

74 1536 260 1582 quidquid
304 1537 328 1572 4
366 1537 414 1572 si!
447 1536 507 1583 aL,
551 1537 689 1573 ceteris
730 1537 926 1583 meliores,
970 1550 1017 1573 ne
1055 1538 1290 1585 apparatum
1327 1548 1414 1573 oue-

74 1607 218 1642 rarem,
255 1595 390 1643 paucis
423 1595 608 1643 exemplis
641 1596 809 1643 exceptis
842 1595 1089 1643 supersedere
1121 1608 1181 1632 me
1213 1595 1273 1632 his:
1305 1607 1414 1643 posse

74 1654 221 1703 putavi.
295 1654 432 1701 Neque
480 1655 606 1703 magis
652 1666 782 1691 moror
826 1654 976 1691 codices
1022 1653 1057 1690 S.
1103 1652 1415 1698 Germanensem,

74 1712 431 1761 Franequeranum,
464 1713 572 1759 alios,
605 1725 701 1761 quos
727 1712 846 1749 Hertz
879 1725 923 1749 ex
956 1714 1067 1761 parte
1098 1714 1139 1749 in
1166 1726 1278 1750 usum
1305 1726 1416 1750 suum

75 1772 286 1819 convertit,
317 1772 463 1809 nullius
496 1771 606 1808 nobis
638 1772 727 1809 illos
758 1773 957 1809 momenti.

166 1829 324 1867 Codices
355 1830 522 1878 denique
554 1830 763 1867 deteriores
790 1825 850 1882 (ς)
881 1831 960 1867 fere
987 1842 1119 1868 omnes
1145 1831 1298 1868 saeculo
1325 1830 1417 1867 XIV
1438 1843 1459 1873 ς

75 1889 327 1937 posteriores,
362 1891 431 1942 qui
461 1891 589 1926 totum
621 1888 791 1926 Gellium
823 1890 1022 1937 exhibent,
1053 1902 1131 1927 non
1162 1902 1319 1938 prorsus
1351 1890 1416 1926 ab-

75 1947 219 1985 iciendi
256 1949 382 1995 erant,
422 1961 509 1985 cum
548 1950 586 1985 et
622 1948 810 1985 nonnulla
848 1948 1053 1985 emendent
1089 1950 1129 1985 et
1165 1948 1257 1985 Iibri
1287 1950 1418 1986 octavi

9 2057 11 2060 ι
76 2006 222 2044 indices
253 2008 371 2054 atque
397 2020 484 2044 cum
510 2001 543 2043 N
568 2007 709 2044 ultima
734 2007 866 2044 ultimi
890 2007 982 2044 libri
1007 2007 1138 2056 capita
1164 2009 1415 2044 servaverint.

77 2064 152 2108 Qui
176 2066 280 2102 inter
301 2066 370 2103 hos
391 2066 652 2103 numerandus
673 2068 731 2103 est
749 2065 849 2103 liber
868 2066 904 2116 β,
928 2067 1008 2103 iam
1028 2078 1146 2114 supra
1164 2067 1415 2114 pertractavi.

166 2123 348 2161 Subsidia
375 2126 452 2161 arti
478 2125 635 2162 criticae
662 2124 894 2162 exercendae
920 2125 1129 2162 succedunt
1148 2121 1415 2175 testimonias)

172 2261 206 2303 1)
233 2259 333 2300 Quae
358 2259 434 2293 fere
460 2260 584 2294 omnia
609 2260 683 2293 iam
710 2259 820 2294 Hertz
845 2260 885 2294 in
909 2259 1140 2304 praefatione
1166 2271 1308 2294 summa
1334 2260 1419 2294 dili-

77 2306 205 2350 gentia
237 2306 403 2351 collegit3
437 2307 642 2351 complures
674 2306 862 2341 Vincentii
892 2307 991 2342 locos
1024 2307 1209 2352 supplevit
1239 2307 1417 2341 Manitius
