1611 2474
140 62 225 103 264
689 61 737 94 VI
763 61 854 105 (VH)
883 64 922 94 11

142 171 461 224 appellaverunt
486 169 660 222 proinde
682 169 800 221 quasi
821 169 1026 208 vilitatem
1047 171 1088 209 et
1109 167 1319 220 ‘nequam'
1340 167 1472 208 homi-

142 244 237 269 nem
270 228 392 268 nihili
424 228 482 267 rei
514 241 649 279 neque
680 228 814 281 frugis
847 227 993 279 bonae,
1025 227 1137 279 quod
1168 240 1299 281 genus
1327 224 1473 266 Graeci

141 288 227 328 fere
260 288 428 327 ἄσωτον
460 287 525 325 Vel
558 285 798 327 ἀκόλαστον
830 285 983 325 dicunt.

107 357 127 385 3
231 345 311 394 Qui
344 345 535 397 exempla
563 344 713 384 horum
741 344 965 384 verborum
990 344 1178 395 requirit,
1209 357 1260 383 ne
1286 343 1330 383 in
1355 343 1473 383 libris

142 405 317 444 nimium
367 403 538 443 remotis
583 406 773 455 quaerat,
823 402 1007 442 inveniet
1051 416 1097 442 ea
1140 402 1183 442 in
1226 401 1280 441 M.
1318 400 1474 442 Tullii
1512 418 1526 443 5

106 462 359 503 4secunda
385 460 795 501 Antonianarum.
849 459 958 500 Nam
986 475 1080 501 cum
1107 474 1238 514 genus
1265 460 1474 513 quoddam

144 521 475 562 sordidissimum
521 520 630 560 Vitae
674 522 799 572 atque
843 520 978 559 victus
1018 518 1072 559 M.
1105 518 1265 559 Antoni
1309 519 1475 559 demon-

143 582 348 620 straturus
381 581 506 630 esset,
540 578 651 631 quod
683 579 726 618 in
758 591 948 631 caupona
980 577 1249 630 delitisceret,
1281 577 1393 629 quod
1424 577 1476 617 ad

144 652 362 691 vesperum
407 639 664 690 perpotaret,
709 636 821 689 quod
859 651 928 676 ore
966 637 1156 676 involuto
1195 637 1273 676 iter
1310 635 1476 688 faceret,

142 711 194 737 ne
236 698 577 750 cognosceretur,
621 695 724 736 haec
760 695 924 747 aliaque
963 694 1263 735 eiusdemmodi
1301 709 1395 735 011111
1434 694 1477 734 111
1497 712 1529 736 10

143 770 239 796 eum
283 755 470 795 dicturus
515 756 624 794 esset
665 753 794 801 (Phil.
822 753 881 793 Π
898 757 962 803 31,
989 755 1080 806 ’ἴῖὶῑ
1131 753 1296 793 videte
1340 753 1478 805 inquit

142 814 363 854 hominis
401 813 681 864 levitatem,
718 814 933 864 tamquam
965 826 1133 865 prorsus
1166 812 1245 852 ista
1278 811 1478 852 dedecora

109 884 128 912 ι’)
144 873 225 913 hoc
263 872 452 912 convicio
491 872 534 911 in
571 870 741 911 homine
776 873 1031 911 notarentur.
1093 869 1151 911 At
1182 873 1346 923 postea,
1383 884 1477 910 cum

145 932 188 971 in
225 930 403 971 eundem
435 928 668 970 Antonium
708 929 861 982 probra
899 929 1101 981 quaedam
1137 929 1218 969 alia
1248 928 1479 969 ludibriosa

146 993 187 1030 et
229 990 369 1042 turpia
414 989 675 1042 ingessisset,
721 988 772 1028 ad
816 990 1049 1028 extremum
1093 988 1174 1027 hoc
1217 987 1392 1028 addidit:
1443 985 1476 1026 O
1498 1002 1530 1028 15

145 1049 393 1088 hominem
445 1049 672 1099 nequam!
722 1046 851 1087 nihil
902 1047 1028 1087 enim
1074 1047 1230 1100 magis
1276 1046 1479 1098 proprie

147 1121 349 1160 possum
383 1106 557 1146 dicere.

112 1175 131 1205 6
236 1164 316 1205 Sed
348 1179 399 1205 ex
432 1178 479 1204 eo
505 1165 599 1205 1000
626 1163 680 1203 M.
707 1163 864 1203 Tullii
890 1163 1016 1204 verba
1042 1163 1330 1216 compluscula
1354 1163 1480 1203 libuit

147 1238 319 1277 ponere:
352 1222 415 1264 At
444 1223 610 1263 videte
635 1223 896 1263 levitatem
923 1222 1159 1262 hominis!
1217 1220 1332 1262 Cum
1359 1220 1480 1262 hora

147 1284 245 1323 diei
273 1282 461 1322 decima
487 1281 590 1322 fere
617 1281 674 1321 ad
696 1279 822 1321 Saxa
845 1281 993 1321 rubra
1013 1281 1253 1333 venisset,
1275 1280 1480 1320 delituit
1500 1295 1533 1319 20

147 1342 195 1381 in
240 1341 450 1394 quadam
493 1340 777 1393 cauponula
821 1342 970 1392 atque
1013 1338 1083 1379 ibi
1126 1353 1175 1379 se
1220 1339 1479 1379 occultans

147 1400 439 1453 perpotavit
487 1399 545 1438 ad
589 1412 870 1451 vesperum3
921 1397 1034 1437 inde
1079 1398 1202 1438 cisio
1248 1398 1481 1437 celeriter

147 1458 205 1498 ad
243 1458 411 1498 urbem
451 1457 690 1497 advectus
725 1456 920 1497 domum
953 1456 1091 1496 venit
1123 1470 1205 1496 ore
1237 1456 1479 1496 involuto.

150 1516 344 1557 Ianitor
369 1518 530 1570 rogat:
564 1514 699 1563 ‘Quis
725 1515 822 1555 tu‘?'
881 1513 933 1554 ‘A
960 1514 1124 1555 Marco
1151 1514 1480 1555 tabellarius.’

149 1574 428 1616 Confestim
455 1574 512 1614 ad
539 1588 659 1626 eam,
692 1574 831 1613 cuius
859 1587 1004 1613 causa
1030 1576 1251 1625 venerat,
1284 1573 1480 1613 deduci—
1501 1586 1533 1611 25

149 1638 230 1675 tur
280 1633 422 1686 eique
473 1633 743 1686 epistulam
794 1631 960 1672 tradit.
1036 1631 1186 1680 Quam
1237 1632 1327 1672 illa
1374 1646 1480 1672 cum

149 1694 342 1747 legeret
390 1691 521 1731 flens
570 1715 617 1719 —
666 1693 771 1731 erat
815 1691 941 1730 enim
988 1690 1178 1743 scripta
1222 1690 1481 1744 amatorie3

151 1754 300 1804 caput
332 1753 495 1791 autem
527 1749 814 1789 litterarum
846 1749 939 1789 hoc
970 1751 1092 1789 erat:
1125 1749 1223 1789 sibi
1256 1763 1361 1789 cum
1392 1748 1482 1788 illa

244 1893 286 1921 20
319 1888 411 1922 Non.
433 1888 465 1921 11
491 1899 525 1931 p.
547 1891 601 1929 86,
623 1891 666 1921 28
702 1887 852 1921 ‘delevit
883 1887 920 1920 in
953 1899 985 1930 q.
1017 1898 1184 1931 caupona
1210 1888 1320 1929 atque
1346 1887 1368 1920 i.
1397 1898 1422 1920 s.
1450 1897 1481 1921 0.

150 1937 345 1979 perpotum
372 1935 495 1968 cissim
521 1935 669 1968 domum
693 1934 807 1967 venit'

247 2056 263 2084 1
285 2051 467 2085 vilitatem
488 2052 703 2086 Ranchinus
722 2051 914 2085 leuitatem
931 2064 957 2083 ω
977 2051 988 2094 Η
1008 2054 1026 2083 2
1048 2050 1139 2083 nulli
1157 2051 1283 2085 Carrio
1302 2050 1376 2084 nih.
1392 2049 1482 2096 <ne-

152 2099 250 2144 que)
282 2098 333 2132 rei
365 2110 398 2131 n.
426 2109 445 2131 σ
477 2099 529 2131 rei
556 2098 620 2131 del.
649 2099 760 2132 Hertz
779 2099 790 2141 Η
810 2101 830 2130 4
862 2098 1024 2140 requiret
1048 2099 1146 2141 3119
1176 2098 1398 2141 perpoparet
1423 2111 1450 2130 ω
1472 2097 1483 2141 ΙΙ

156 2150 197 2178 10
229 2145 263 2179 h.
291 2146 327 2178 et
353 2145 499 2187 aliaque
524 2144 639 2177 PR2V
664 2146 675 2188 ΙΙ
702 2148 743 2177 13
770 2145 867 2178 111010
894 2145 975 2187 (—tio
1001 2145 1074 2187 PV)
1102 2158 1128 2177 ω
1155 2155 1243 2178 corr.
1268 2144 1329 2178 Gr.
1357 2144 1483 2178 retinet

152 2192 360 2236 Petschem'y
379 2193 389 2234 ΙΙ
411 2195 451 2225 19
478 2192 530 2224 Αο
557 2205 582 2224 ω
603 2194 613 2235 ΙΙ
634 2195 674 2224 21
704 2191 874 2225 occulans
901 2206 927 2225 ω
948 2193 958 2235 ΙΙ
979 2194 1021 2224 23
1049 2191 1170 2234 capite
1190 2190 1360 2224 obvoluto
1383 2191 1451 2225 Cic.
1472 2192 1483 2234 ΙΙ

154 2242 197 2272 24
229 2240 334 2282 rogat
360 2249 424 2272 om.
454 2239 522 2272 Cic.
547 2239 550 2281 1
573 2240 647 2271 tuo.
674 2239 718 2274 ιῖ,
744 2241 772 2270 R
797 2239 807 2282 ΙΙ
834 2242 876 2271 25
910 2248 1057 2271 causam
1082 2241 1142 2270 Pv
1168 2240 1178 2281 ΙΙ
1203 2241 1246 2270 ‘27
1277 2237 1399 2281 legere
1426 2251 1452 2270 ω
1476 2238 1480 2281 Ι

153 2287 258 2320 erant
276 2289 336 2318 Pv
363 2296 434 2318 non
461 2286 539 2318 erat
558 2288 586 2316 R
605 2286 616 2327 ll
637 2288 680 2317 28
706 2284 773 2318 hoc
801 2286 879 2318 erat
905 2295 968 2319 om.
992 2285 1065 2319 Cic.
