1617 2484
628 68 675 101 ix
706 73 764 111 153
794 72 835 101 16
1319 70 1402 110 335

65 175 199 228 cunia,
231 178 314 215 tres
346 175 498 228 reliqui
531 176 668 229 capite
700 175 970 229 puniendum.
1031 176 1195 216 Petitur
1226 176 1278 216 ad
1311 191 1405 230 sup·
1444 190 1464 219 8

64 234 239 287 plicium
272 248 322 274 ex
355 235 563 274 sententia
595 235 723 275 trium
756 234 940 274 iudicum
974 237 1015 275 et
1048 234 1324 276 contradicit?

154 291 245 332 Hac
291 292 362 332 ille
406 293 548 333 audita
593 306 669 333 nec
714 293 976 333 considerata
1020 308 1154 347 neque
1199 294 1309 346 aliis,
1359 298 1407 334 ut
1445 307 1464 335 9

64 353 412 404 proponerentur,
438 352 690 404 exspectatis
718 352 867 405 incipit
893 352 1036 392 statim
1064 353 1170 392 mira
1193 353 1405 393 celeritate

28 425 42 450 5
66 409 109 449 in
147 408 320 449 eandem
358 409 467 450 hanc
505 411 832 450 controversiam
872 411 1079 463 principia
1117 411 1259 451 nescio
1298 425 1405 463 quae

65 468 201 508 dicere
247 470 289 508 et
332 468 549 508 involucra
593 482 791 509 sensuum
836 469 1146 522 verborumque
1191 470 1406 510 volumina

64 539 300 580 vocumque
339 526 483 567 turbas
522 527 696 567 fundere
735 527 882 568 ceteris
919 528 1116 568 omnibus
1149 543 1198 568 ex
1232 529 1405 569 cohorte

64 584 171 637 eius,
221 585 293 637 qui
344 585 486 626 audire
537 600 632 626 eum
678 586 792 626 soliti
837 589 973 638 erant,
1023 587 1205 627 clamore
1250 601 1403 641 magno

63 643 391 695 exsultantibus,
422 642 621 684 Iuliano
654 647 795 684 autem
828 645 936 684 male
969 658 1017 684 ac
1049 645 1199 685 misere
1227 646 1405 686 rubente

11 720 44 745 ιο
64 704 106 742 et
137 702 324 742 sudante.
382 701 463 742 Sed
494 703 567 743 ubi
600 703 869 743 deblateratis
902 718 1098 743 versuum
1126 704 1271 744 multis
1298 704 1404 744 mili-
1422 714 1465 746 10

64 760 142 801 bus
168 760 295 801 finem
321 761 547 813 aliquando
574 761 675 802 fecit
701 763 942 816 egressique
970 762 1064 802 inde
1091 777 1248 814 sumus,
1280 763 1404 803 amici

63 818 375 873 familiaresque
413 820 502 860 eius
534 819 786 860 Iulianum
818 821 1049 874 prosecuti,
1088 821 1287 874 quidnam
1322 822 1405 861 exi-

64 877 270 930 stimaret,
308 879 544 931 percontati
583 881 691 919 sunt.
752 878 895 932 Atque
933 879 992 919 ibi
1024 878 1253 920 Iulianus
1291 880 1460 921 festi-11

63 935 250 977 vissime:
284 936 431 977 ‘nolite
463 938 687 990 quaerere,³
721 938 862 991 inquit
895 937 1011 991 ‘quid
1038 938 1234 991 sentiam,
1266 937 1404 979 adule-

13 1013 44 1039 15
66 1008 184 1035 scens
216 994 286 1035 hic
318 996 407 1036 sine
440 996 726 1037 controversia
757 996 938 1037 disertus
970 997 1059 1036 est’.

682 1113 785 1154 XVI

65 1189 169 1231 Quod
188 1191 349 1225 Plinium
371 1192 589 1235 Secundum,
615 1204 688 1227 non
714 1194 899 1227 hominem
922 1193 1124 1235 indoctum,
1150 1193 1289 1237 fugerit
1309 1193 1405 1227 latu-

110 1238 254 1282 eritque
286 1239 417 1273 vitium
449 1241 675 1284 argumenti,
709 1241 807 1283 quod
836 1239 1080 1284 ἀντιστρέφον
1107 1240 1238 1274 Graeci
1265 1240 1403 1274 dicunt.

151 1321 349 1364 Plinius
395 1322 650 1365 Secundus
701 1325 965 1365 existimatus
1015 1327 1079 1364 est
1122 1338 1211 1365 esse
1255 1325 1404 1364 aetatis
1444 1337 1461 1366 1

11 1399 44 1424 ρο
64 1394 162 1421 suae
202 1380 482 1423 doctissimus.
544 1381 585 1423 Is
619 1383 751 1423 libros
782 1384 971 1437 reliquit,
1011 1397 1116 1436 quos
1150 1383 1404 1423 studioso-
1442 1395 1461 1424 2

63 1453 167 1480 rum
200 1440 432 1494 inscripsit,
464 1455 550 1482 non
581 1442 742 1482 medius
774 1441 899 1482 fidius
931 1456 1235 1495 usquequaque
1258 1456 1404 1495 vasper-

63 1498 234 1539 nandos.
308 1499 357 1540 In
406 1499 472 1540 his
520 1500 641 1541 libris
692 1501 826 1541 multa
876 1501 989 1541 varie
1037 1500 1088 1540 ad
1133 1499 1403 1540 oblectandas
1442 1511 1462 1541 3

63 1557 324 1598 eruditorum
360 1558 581 1599 hominum
620 1574 740 1600 aures
779 1559 912 1612 ponit.
974 1558 1120 1599 Refert
1159 1559 1285 1599 etiam
1318 1558 1403 1611 ple-
1441 1571 1462 1599 4

62 1629 214 1669 rasque
257 1617 504 1670 sententias,
549 1632 652 1671 quas
696 1618 740 1658 in
784 1617 1066 1658 declamandis
1106 1616 1403 1657 controversiis

11 1693 43 1719 25
63 1674 201 1727 lepide
244 1678 476 1730 arguteque
520 1677 652 1717 dietas
696 1678 829 1730 putat.
904 1674 1038 1716 Sicuti
1081 1676 1191 1715 hanc
1234 1689 1404 1727 quoque
1442 1686 1462 1716 5

64 1733 315 1774 sententiam
360 1735 482 1788 ponit
525 1750 575 1775 ex
618 1734 910 1775 huiuscemodi
952 1734 1254 1774 controversia:
1300 1733 1404 1773 ‘Vir

63 1789 215 1831 fortis
254 1793 494 1845 praemio,
538 1794 669 1847 quod
707 1792 980 1846 optaverit,
1018 1793 1241 1832 donetur.
1311 1791 1403 1840 Qui

64 1849 273 1890 fortiter
298 1850 505 1904 fecerat,
531 1853 662 1905 petit
687 1852 900 1892 alterius
926 1865 1131 1891 uxorem
1158 1851 1207 1890 in
1232 1850 1404 1891 matri-

64 1908 284 1949 monium
323 1912 370 1950 et
404 1911 611 1963 accepit.
674 1909 720 1950 Is
754 1909 949 1962 deinde,
988 1910 1099 1950 cuia
1130 1923 1256 1949 uxor
1287 1909 1404 1960 fuit,

12 1984 45 2010 30
63 1966 271 2008 fortiter
307 1968 441 2009 fecit.
503 1968 709 2022 Repetit
745 1968 965 2021 eandem3
1004 1967 1402 2008 contradicitur.'

64 2023 340 2080 Eleganter
382 2027 522 2080 inquit
565 2030 613 2068 et
655 2027 996 2081 probabiliter
1040 2041 1096 2067 ex
1139 2029 1281 2079 parte
1320 2039 1403 2079 po·
1442 2036 1464 2066 6

66 2084 298 2125 sterioris
342 2086 439 2125 viri
482 2084 633 2126 fortis
677 2099 881 2126 uxorem
919 2085 1017 2125 sibi
1054 2085 1191 2125 reddi
1232 2087 1403 2138 postu-

160 2203 180 2232 3
205 2199 300 2245 Hac]
325 2203 356 2233 N
387 2199 488 2234 Haeo
514 2214 540 2233 ω
567 2203 577 2243 ΙΙ
603 2203 622 2233 6
649 2199 839 2233 inuoluere
866 2202 892 2236 Q.
917 2202 928 2243 Η
955 2203 997 2233 14
1024 2199 1114 2243 quid
1140 2200 1183 2244 s]
1208 2211 1234 2244 γ
1259 2201 1404 2233 senten-

66 2246 163 2279 ciam
188 2247 218 2280 δ
243 2248 253 2291 ΙΙ
281 2250 322 2280 17
355 2247 451 2280 hom.
478 2257 551 2280 non
577 2258 596 2280 6
618 2249 622 2290 Ι
646 2249 682 2280 et
707 2246 859 2280 latuerit
885 2250 911 2284 Q,
936 2248 946 2290 Η
972 2250 1013 2280 21
1046 2247 1194 2290 scripsit
1219 2247 1248 2280 (ἲ
1270 2250 1274 2289 Ι
1298 2256 1405 2288 asper

65 2293 204 2326 nendos
226 2296 252 2331 Q
271 2295 283 2337 ΙΙ
302 2297 346 2328 23
374 2293 614 2328 eruditiorum
635 2293 678 2331 Q¹
698 2295 709 2337 ΙΙ
729 2297 772 2327 29
797 2293 831 2327 Is
857 2304 923 2327 om.
944 2294 973 2327 δ
995 2295 999 2337 Ι
1022 2293 1145 2326 fuerat
1165 2294 1247 2326 ΟΠ
