1617 2484
100 536 114 560 5

82 830 114 855 10

81 1125 113 1150 15

82 1419 115 1444 20

752 66 783 100 Π
812 70 853 100 10
1388 68 1470 109 105

784 245 822 286 X

135 325 229 367 Quid
257 326 331 359 sint
356 326 495 360 favisae
517 326 765 369 Capitolinae,
793 328 831 360 et
856 326 944 370 quid
967 337 1075 370 super
1095 337 1136 360 eo
1158 326 1266 360 verbo
1288 327 1333 360 M.
1357 327 1471 361 Varro

182 373 305 407 Servio
333 373 495 417 Sulpicio
523 374 713 417 quaerenti
742 374 980 418 rescripserit.

224 456 427 498 Servius
461 456 740 511 Sulpicius,
772 458 874 498 iuris
907 458 1042 499 civilis
1075 461 1238 511 auctor,
1270 459 1334 498 vir
1368 459 1505 499 benel

134 516 357 570 litteratus,
376 518 546 570 scripsit
565 521 718 569 (22140
732 516 826 570 Br.)
846 517 897 557 ad
918 517 972 557 M.
995 517 1269 558 Varronem
1290 518 1473 571 rogavit-

136 590 233 629 que,
265 578 313 616 ut
346 576 604 629 rescriberet,
637 576 738 630 quid
770 577 1028 631 significaret
1061 577 1247 630 verbum,
1280 577 1392 629 quod
1426 578 1473 616 in

135 635 359 676 censoris
411 635 559 675 libris
610 637 814 689 scriptum
865 639 983 676 esset.
1063 634 1111 675 ld
1161 638 1248 676 erat
1299 635 1473 676 verbum

136 693 307 734 ‘favisae
333 692 622 747 Capitolinae’.
680 694 838 734 Varro
865 702 921 747 (2).
942 698 1023 735 199
1043 694 1160 747 Rip.)
1190 695 1405 748 rescripsit
1430 695 1473 735 in
1489 706 1508 735 2

134 753 337 793 memoria
370 753 450 793 sibi
483 767 584 806 esse,
617 754 729 806 quod
757 753 802 802 Q.
825 752 999 794 Catulus
1033 756 1200 793 curator
1224 753 1474 794 restituendi

135 810 335 865 Capitolii
380 812 554 853 dixisset
597 812 782 853 voluisse
826 827 870 853 se
907 827 1045 853 aream
1086 813 1367 866 Capitolinam
1408 813 1474 853 de—

133 871 328 924 primere,
359 873 406 911 ut
437 872 629 925 pluribus
660 871 859 926 gradibus
886 872 929 911 in
955 872 1099 912 aedem
1127 872 1476 912 conscenderetur

135 932 443 984 suggestusque
474 945 550 983 pro
584 930 744 985 fastigii
771 931 1063 985 magnitudine
1089 930 1215 971 altior
1241 932 1371 983 fieret,
1404 931 1475 971 sed

134 988 270 1029 facere
314 989 355 1028 id
398 1004 483 1030 non
522 990 680 1043 quisse,
724 990 922 1042 quoniam
963 990 1149 1030 ‘favisae’
1189 990 1473 1043 impedissent.

133 1046 182 1088 Id
214 1062 303 1088 esse
336 1047 461 1088 cellas
494 1049 695 1101 quasdam
729 1052 770 1089 et
803 1049 1019 1103 cisternas,
1055 1063 1162 1101 quae
1194 1049 1237 1089 in
1269 1063 1364 1089 area
1397 1049 1510 1089 sub3

133 1109 244 1147 terra
276 1109 424 1161 essent,
457 1107 530 1147 ubi
561 1107 708 1161 reponi
742 1108 924 1148 solerent
956 1109 1076 1162 signa
1107 1110 1259 1160 vetera,
1291 1122 1398 1160 quae
1424 1123 1475 1148 ex

135 1180 183 1206 eo
217 1165 376 1219 templo
410 1165 596 1219 collapsa
627 1169 778 1219 essent,
810 1169 851 1207 et
882 1166 964 1207 alia
997 1167 1200 1219 quaedam
1229 1166 1429 1221 religiosa
1454 1181 1476 1207 e

135 1224 255 1265 donis
295 1226 558 1265 consecratis.
621 1224 684 1266 Ac
716 1226 865 1266 deinde
896 1226 1062 1266 eadem
1096 1227 1318 1279 epistula
1349 1229 1476 1280 negat

136 1283 306 1337 quidem
333 1298 376 1323 se
402 1285 445 1323 in
471 1284 622 1324 litteris
650 1285 871 1337 invenisse,
904 1299 977 1325 cur
1004 1285 1190 1325 ‘favisae'
1219 1285 1353 1325 dictae
1380 1286 1476 1337 sint,

135 1342 206 1383 sed
239 1341 284 1391 Q.
312 1341 571 1382 Valerium
606 1342 848 1384 Soranum
882 1343 1053 1384 solitum
1088 1344 1223 1384 dicere
1255 1345 1331 1394 ait,
1369 1358 1475 1396 quos

137 1400 386 1442 ‘thesauros’
411 1400 569 1442 Graeco
590 1403 760 1443 nomine
780 1402 1100 1456 appellaremus,
1120 1402 1474 1456 priscosLatinos

137 1459 333 1501 ‘fiavisas'
368 1460 679 1514 dixisse,'quod
711 1462 755 1501 in
786 1476 856 1502 eos
888 1476 975 1502 non
1005 1462 1108 1502 rude
1140 1476 1208 1503 aes
1238 1464 1476 1516 argentum-

136 1533 228 1572 que,
261 1519 332 1560 sed
362 1519 463 1560 flata
495 1521 745 1574 signataque
776 1521 955 1574 pecunia
987 1521 1245 1561 conderetur.
1305 1520 1512 1561 Coniec-4

135 1580 225 1619 tare
262 1578 392 1633 igitur
430 1593 473 1619 se
511 1579 741 1619 detractam
779 1594 868 1620 esse
906 1594 957 1620 ex
996 1594 1044 1620 eo
1083 1580 1210 1620 Verbo
1250 1580 1475 1620 secundam

135 1636 319 1677 litteram
347 1640 388 1677 et
415 1638 599 1678 ‘favisas'
622 1652 711 1679 esse
732 1639 863 1679 dictas
885 1638 1011 1679 cellas
1032 1639 1234 1691 quasdam
1255 1642 1296 1679 et
1317 1652 1476 1692 specim,

84 1714 99 1737 2
138 1696 290 1748 quibus
328 1696 484 1736 aeditui
520 1695 718 1750 Capitolii
750 1699 969 1738 uterentur
1001 1698 1051 1737 ad
1085 1698 1378 1738 custodiendas
1410 1712 1476 1738 res

136 1757 296 1795 veteres
326 1754 556 1809 religiosas.

232 1908 251 1938 8
268 1917 344 1949 sqq.
372 1905 473 1938 Paul.
496 1918 529 1949 p.
552 1908 607 1947 88,
629 1909 648 1938 4
674 1906 766 1939 Non.
789 1906 873 1950 Hp.
898 1910 975 1948 112,
997 1910 1039 1940 26
1064 1905 1152 1941 CGL
1172 1906 1204 1940 V
1225 1910 1279 1950 227
1303 1911 1338 1946 1;
1361 1910 1415 1949 63,
1438 1910 1475 1950 (33

138 1955 194 1995 69,
215 1956 252 1995 23
280 1956 358 1994 641,
380 1955 423 1986 58
569 1957 610 1986 15
638 1953 699 1987 Ov.
722 1955 805 1987 met.
828 1953 860 1986 X
881 1957 946 1987 693
963 1965 1039 1998 sqq.

233 2097 252 2127 9
280 2094 412 2128 catulis
432 2094 477 2126 V¹
497 2095 507 2138 ΙΙ
529 2098 569 2127 11
599 2094 725 2128 aedem
749 2095 904 2128 Mei-ciev-
927 2095 1055 2129 eadem
1077 2109 1103 2128 ω
1125 2095 1280 2129 eandem
1301 2106 1320 2129 6
1339 2097 1349 2139 Η
1371 2098 1412 2128 16
1440 2097 1477 2128 et

140 2141 230 2186 alia]
264 2152 284 2179 ς
322 2141 414 2175 talia
449 2154 475 2173 co
514 2140 661 2185 aliaque
694 2143 807 2176 Hertz
830 2143 833 2184 Ι
856 2141 1028 2186 religiose
1061 2144 1171 2185 (-0sse
1209 2154 1252 2177 ea:
1283 2143 1401 2176 —onise
1433 2144 1475 2185 Rs)

140 2188 245 2222 donis
272 2202 298 2221 ω
330 2199 418 2223 corr.
446 2188 596 2222 Salmas.
618 2190 629 2231 Η
651 2192 692 2221 17
726 2190 939 2222 consecrata
966 2201 985 2222 σ
1004 2191 1014 2233 ΙΙ
1036 2193 1077 2223 18
1109 2201 1190 2223 cum
1215 2193 1241 2222 P
1261 2191 1270 2233 ΙΙ
1292 2193 1334 2223 20
1360 2189 1476 2223 latine

135 2236 232 2279 plur.
253 2235 351 2270 codd.
374 2236 469 2270 Non.
491 2237 502 2279 Η
522 2239 563 2268 21
592 2245 653 2269 eas
675 2247 694 2269 6
714 2238 724 2280 ΙΙ
744 2239 787 2269 23
815 2235 982 2270 detracta
1008 2238 1142 2280 (-ctura
1161 2238 1203 2280 R)
1223 2240 1289 2269 RV
