1617 2484
41 705 72 730 10

40 1001 71 1026 15

701 49 749 83 IV
777 54 819 83 2⁴»
1345 51 1428 92 209

91 158 309 211 tenerique
335 171 383 197 eo
412 158 528 209 vitio,
561 157 672 212 quod
700 157 882 198 ‘oscedo’
909 159 1157 211 appellatur,
1190 162 1277 199 tum
1306 163 1430 200 uotae

94 218 175 257 iam
209 216 440 257 destinatae
473 220 692 270 exemptus
725 219 798 257 est.
857 216 1068 257 Publius
1096 215 1267 271 Scipio
1294 216 1488 259 Afri-10

93 290 261 327 canus,
305 274 449 316 Pauli
487 275 649 327 filius,
687 278 909 329 utramque
947 276 1167 317 historiam
1205 277 1348 330 posuit
1388 277 1430 317 in

93 335 341 387 oratione,
379 348 505 387 quam
546 334 652 374 dixit
690 335 738 375 in
777 348 1003 387 censura,
1041 349 1147 376 cum
1185 336 1243 376 ad
1278 336 1429 376 maio-

93 408 196 434 rum
230 407 390 433 mores
422 392 662 446 populum
695 393 986 434 hortaretur
1019 393 1370 446 (‘ORF22›.179).

180 451 286 492 Item
316 452 430 492 aliud
460 452 589 492 refert
615 451 829 492 Sabinus
856 452 1104 493 Masurius
1138 454 1181 493 in
1213 454 1429 507 septimo
1447 466 1486 494 11

30 549 31 553 ,
93 510 373 551 memoriali
406 525 546 551 severe
577 511 736 551 factum
768 513 836 563 (fr.
858 512 979 552 16Η.
1001 511 1152 559 3])’)·.);
1186 511 1430 553 Censores

93 569 231 623 inquit
256 569 468 610 Publius
496 568 667 623 Scipio
695 569 879 611 Nasica
905 573 953 611 et
978 570 1172 611 Marcus
1198 570 1430 625 Popilius

93 642 202 669 cum
252 629 476 681 equitum
528 643 728 669 censum
778 632 1002 683 agerent,
1052 644 1229 683 equum
1280 631 1430 671 nimis

95 687 369 742 strigosum
408 689 455 728 et
493 688 618 728 male
656 687 902 741 habitum,
945 688 1027 729 sed
1065 689 1283 741 equitem
1323 690 1429 730 eius

92 746 397 787 uberrimum
441 749 488 787 et
532 745 908 787 habitissimum
954 747 1190 787 viderunt
1228 751 1275 788 et
1314 748 1429 788 ‘cur’

92 805 330 858 inquiunt
369 805 453 846 ‘ita
492 808 583 857 est,
626 808 680 846 ut
717 808 769 846 tu
807 806 875 846 sis
914 821 1057 859 quam
1098 820 1252 860 equus
1291 820 1428 847 cura—

92 864 235 904 tior‘?'
304 863 578 912 ‘Quoniam’
617 864 785 918 inquit
823 864 928 919 ‘ego
967 879 1038 905 me
1077 879 1211 917 curo,
1250 880 1428 918 equum

93 922 285 964 Statius
329 923 481 963 nihili
520 924 717 964 servos’
786 923 959 964 Visum
998 927 1073 964 est
1110 939 1283 978 parum
1322 938 1430 965 esse

92 996 324 1023 reverens
356 996 670 1036 responsum,
701 983 994 1037 relatusque
1023 984 1072 1023 in
1099 983 1344 1036 aerarios,
1376 986 1431 1024 ut

92 1055 194 1081 mos
226 1043 311 1081 est.

179 1098 371 1140 ‘Statius’
403 1103 542 1140 autem
575 1100 725 1141 servile
757 1115 911 1141 nomen
942 1101 1034 1141 fuit.
1089 1100 1286 1154 Plerique
1318 1101 1430 1154 apud
1446 1114 1487 1144 12

92 1161 250 1199 veteres
289 1159 397 1199 servi
435 1173 484 1199 eo
522 1159 692 1200 nomine
726 1160 907 1200 fuerunt.
971 1158 1224 1200 Caecilius
1257 1174 1426 1213 quoque
1445 1172 1487 1202 13

91 1217 162 1258 ille
200 1217 510 1258 comoediarum
548 1221 673 1271 poeta
710 1218 893 1259 inclutus
932 1233 1075 1259 servus
1112 1218 1194 1259 fuit
1232 1221 1273 1259 et
1304 1233 1428 1272 prop-

39 1296 54 1320 2
91 1279 203 1317 terea
240 1290 395 1317 nomen
429 1276 578 1317 habuit
609 1275 812 1318 ‘Statius’.
877 1276 957 1318 Sed
989 1280 1135 1331 postea
1166 1291 1333 1318 versum
1366 1280 1430 1318 est

93 1335 213 1389 quasi
255 1335 298 1375 in
340 1338 685 1390 cognomentum,
731 1335 1052 1390 appellatusque
1095 1339 1158 1377 est
1202 1335 1425 1378 ‘Caecilius

94 1394 280 1435 Statius’.

187 1525 299 1555 6—11
327 1522 524 1567 (viderunt)
549 1522 642 1557 Non.
663 1522 748 1566 Hp.
773 1526 849 1567 168,
873 1526 914 1556 18

189 1644 204 1673 1
238 1641 326 1674 nota
350 1643 376 1673 Ρ
407 1641 537 1674 noctae
562 1640 610 1673 Rl
640 1640 803 1674 notelam
827 1644 856 1673 V
875 1642 886 1684 ΙΙ
906 1644 926 1674 6
958 1640 1140 1674 masurius
1173 1641 1337 1674 scabrius
1363 1640 1426 1674 lib.

92 1686 191 1720 XVII
222 1687 317 1722 Non.
339 1688 350 1731 Η
371 1691 388 1720 7
427 1698 567 1722 memor
604 1688 819 1730 (memorum
850 1690 888 1731 P)
926 1687 1133 1722 memoriali
1165 1701 1191 1721 ω
1211 1689 1222 1731 ΙΙ
1244 1691 1285 1722 10
1325 1688 1427 1732 strig.

93 1734 260 1776 equitum
284 1735 381 1769 Non.
402 1736 413 1777 ΙΙ
434 1738 475 1768 11
502 1734 775 1768 habilissimum
795 1735 891 1770 Non.
913 1737 924 1778 Η
947 1739 988 1768 14
1013 1734 1123 1769 nihili
1145 1735 1207 1770 Gr.
1235 1734 1351 1769 nichil
1377 1748 1403 1769 ω
1421 1736 1424 1780 1

93 1791 198 1814 seruo
218 1780 261 1813 ΡΞ
279 1782 290 1825 Η
312 1785 354 1815 19
380 1780 443 1815 ille
470 1792 534 1816 om.
556 1785 581 1814 P

164 2349 302 2376 Gmmxvs
322 2351 366 2376 ed.
386 2351 504 2376 Hosiu
515 2359 528 2376 8
1174 2349 1217 2380 14
