1602 2484
37 698 69 723 XO

36 992 68 1016 15

696 44 774 86 13;
801 49 821 78 4
1373 44 1430 84 49

89 153 308 205 diligentia
340 167 465 205 quam
496 167 590 192 cum
617 152 865 193 decernendi
892 153 1098 193 sententia
1124 156 1249 205 atque
1276 152 1430 192 fiducia

90 212 268 263 scribsit,
295 212 493 264 quoniam
521 212 710 264 profecto
733 226 951 251 causarum
971 225 1019 252 ac
1038 214 1277 264 temporum
1299 212 1428 251 varie-

89 273 197 311 tates
234 270 606 323 discriminumque
644 286 692 311 ac
731 270 1061 311 differentiarum
1098 270 1325 310 tenuitates
1361 270 1429 310 de-

88 332 249 370 rectum
287 332 413 381 atque
451 333 700 382 perpetuum
740 330 1068 382 distinctumque
1106 330 1151 369 in
1188 329 1312 369 rebus
1345 329 1427 369 sin-

89 388 199 443 gulis
243 390 530 441 praeceptum,
574 388 686 440 quod
731 402 808 441 ego
853 403 929 429 nos
970 389 1014 428 in
1051 388 1185 441 prima
1223 390 1427 428 tractatus

89 447 210 487 istius
242 449 359 500 parte
392 446 624 487 desiderare
657 447 860 499 dixeram,
893 461 979 487 non
1010 447 1191 499 capiunt.

177 505 280 545 Eius
306 508 446 546 autem
468 504 714 558 Chilonis,
741 522 763 546 a
790 520 873 559 quo
898 505 1280 558 disputatiunculae
1300 505 1426 545 huius
1442 515 1486 545 30

88 565 257 605 initium
288 565 475 615 fecimus,
508 579 603 605 cum
635 566 717 605 alia
750 564 954 617 quaedam
987 568 1084 605 sunt
1115 565 1276 605 monita
1310 564 1430 604 utilia

88 626 214 676 atque
253 623 492 676 prudentia,
529 626 620 664 tum
659 623 701 663 id
740 624 919 663 maxime
959 624 1200 676 exploratae
1232 623 1429 664 utilitatis

90 684 169 734 est,
208 681 320 734 quod
359 682 459 722 duas
498 683 778 723 ferocissimas
816 682 1073 722 adfectiones
1111 682 1265 722 amoris
1303 685 1430 734 atque

89 740 173 781 odii
209 741 318 781 intra
350 741 521 781 modum
554 744 723 781 cautum
757 742 950 781 coercuit.
1014 740 1135 781 ‘Hac’
1169 741 1307 793 inquit
1339 740 1431 781 tfini

88 814 218 852 ames,
262 803 478 852 tamquam
522 800 630 840 forte
673 801 844 840 fortuna
885 803 925 840 et
964 814 1129 851 osuruS‚
1173 799 1252 853 hac
1283 799 1430 840 itidem

87 861 209 899 tenus
243 859 395 911 oderis7
427 862 643 912 tamquam
675 860 852 899 fortasse
885 861 981 912 post
1013 858 1255 898 amaturus.9

178 916 314 971 Super
355 917 436 957 hoc
474 918 620 958 eodem
658 916 869 958 Chilone
902 916 1205 958 Plutarchus
1244 917 1428 970 philoso-
1443 927 1486 957 31

88 975 197 1029 phus
230 977 274 1016 in
304 976 436 1017 libro
469 977 583 1030 περὶ
615 983 779 1030 ψυχῆς
810 977 970 1049 primo
1003 976 1180 1028 (VHp.
1205 979 1257 1016 19
1284 975 1428 1029 Rern.)

89 1034 227 1075 verbis
263 1034 329 1075 his
361 1036 419 1076 ita
452 1035 635 1088 scripsit:
674 1037 871 1076 Χείλων
903 1035 925 1076 ὁ
958 1035 1174 1084 παλαιὸς
1206 1034 1431 1083 ἀκούσας

88 1094 231 1142 τινὸς
264 1093 507 1146 λέγοντος
537 1093 731 1147 μηδένα
763 1096 898 1148 ἔχειν
931 1093 1121 1147 ἐχθρὸν
1147 1094 1429 1148 ἠρώτησεν,

89 1153 132 1193 εἰ
162 1152 356 1205 μηδένα
388 1155 543 1206 φιλον
574 1151 698 1206 ἔχει
729 1155 950 1207 νομίζων
983 1152 1029 1202 ἐξ
1063 1152 1286 1205 ἀνάγκης
1312 1152 1430 1193 ἐπα-

88 1214 370 1252 κολουθεῖν
425 1210 507 1252 καὶ
561 1211 1008 1266 συνεμπλεκεσθαι
1060 1214 1262 1265 φιλίαις
1312 1210 1429 1251 ἀπε-

34 1285 49 1309 2
87 1272 275 1323 χθειάς.

725 1375 787 1416 IV

88 1455 206 1497 Quam
243 1455 404 1490 tenuiter
441 1456 654 1499 curioseque
693 1456 938 1500 exploraverit
974 1455 1155 1489 Antonius
1187 1455 1351 1489 Iulianus
1389 1467 1428 1488 m

134 1502 300 1537 oratione
326 1503 373 1536 M.
395 1502 508 1536 Tullii
532 1503 634 1537 verbi
661 1504 707 1537 ab
734 1515 776 1538 eo
804 1503 938 1537 mutati
964 1503 1159 1547 argutiam.

173 1585 427 1627 Antonius
458 1586 685 1628 Iulianus
722 1588 867 1628 rhetor
903 1601 1106 1641 perquam
1142 1587 1224 1627 fuit
1255 1586 1424 1627 honesti

34 1661 49 1685 Ξ
87 1647 214 1698 atque
244 1646 410 1686 amoeni
441 1646 594 1700 ingeni.
651 1646 854 1687 Doctrina
883 1660 1051 1699 quoque
1077 1646 1157 1686 ista
1183 1646 1353 1686 utiliore
1378 1659 1428 1686 ac

183 1783 223 1812 11
252 1778 351 1812 XVH
366 1783 419 1820 14,
440 1783 472 1822 4,
495 1783 537 1812 10
557 1778 638 1813 Val.
660 1779 755 1813 Max.
777 1778 843 1812 VH
863 1783 882 1811 3
903 1780 973 1813 ext.
996 1782 1014 1811 3
1036 1778 1142 1823 Diog.
1165 1778 1202 1812 L.
1223 1778 1239 1811 Ι
1259 1782 1290 1821 5,
1312 1782 1331 1811 5
1353 1780 1425 1823 (87)

88 1824 186 1867 Otto,
215 1825 388 1870 Sprichw.
414 1838 449 1870 p.
471 1830 513 1860 21

181 1953 201 1982 2
228 1949 390 1994 scribsit]
413 1952 442 1982 A
468 1949 647 1983 seruitute
667 1963 694 1983 ω
717 1949 721 1995 Ι
745 1959 938 1983 causarum
958 1969 1001 1972 —
1021 1948 1238 1994 tenuitates]
1259 1952 1289 1982 A
1314 1959 1426 1983 causa

86 1996 240 2031 scientie
273 2007 465 2040 corporum
491 1996 692 2030 uarietates
725 1996 1047 2038 disermonumque
1079 2006 1122 2029 ac
1148 1995 1224 2029 diff.
1252 1996 1426 2041 ignoran-

85 2045 142 2077 tes
175 2058 202 2077 ω
221 2044 232 2087 ΙΙ
251 2047 271 2077 3
310 2044 499 2077 decretum
529 2047 558 2076 A
576 2045 587 2087 ΙΙ
608 2047 627 2077 8
665 2043 821 2088 monita]
853 2047 882 2076 A
918 2044 1020 2076 mota
1051 2057 1077 2076 ω
1097 2045 1108 2087 Η
1130 2047 1172 2076 10
1204 2043 1425 2077 fortissimas

87 2090 308 2136 Oramerllll
331 2092 522 2124 canturam
540 2094 570 2123 A
589 2090 803 2124 cautionum
817 2091 926 2124 Nettl.
949 2090 1086 2124 cautim
1098 2090 1191 2125 JGr.
1207 2090 1289 2135 {fini
1309 2091 1424 2135 ames]

85 2141 116 2170 A
141 2137 267 2171 finiam
292 2139 328 2172 et
353 2151 381 2171 ω
400 2139 411 2181 ΙΙ
433 2141 475 2171 12
501 2139 539 2172 et
563 2148 629 2172 om.
654 2141 752 2170 PRV
770 2140 782 2181 ΙΙ
803 2141 845 2171 16
870 2136 928 2170 his
948 2148 1013 2171 om.
1040 2141 1105 2170 RV
1130 2137 1187 2170 his
1213 2137 1267 2171 ita
1293 2148 1358 2171 om.
1378 2141 1404 2170 P

88 2187 131 2218 18
146 2184 222 2229 ἔχοι
234 2184 497 2220 Bernardakz's
494 2187 560 2230 219
576 2186 775 2218 (ΞΥΝΞΝΠ
774 2184 1016 2218 xEKECOfflC
1036 2185 1179 2218 ΦΙΛΙΑΟ
1196 2184 1261 2218 dr*
1250 2185 1425 2218 stimme

85 2232 138 2265 sic
155 2231 229 2273 fere
246 2235 308 2265 Pv
328 2229 453 2276 φιλίας
472 2232 536 2266 καὶ
554 2230 757 2277 ἀπεχθείας
777 2242 817 2264 σ
843 2235 886 2265 25
907 2231 978 2265 iste
999 2231 1161 2266 Falstcr
1159 2245 1162 2277 1
1178 2231 1210 2264 is
1231 2230 1426 2265 subtiliore

88 2278 228 2323 (May.)
262 2279 368 2324 Voyel

157 2343 297 2369 Gnmrvs
316 2344 361 2370 ed.
381 2344 522 2369 Hosius
1192 2340 1212 2370 4
