1617 2484
624 92 891 126 PRAEFATIO
1344 91 1369 124 X
1378 91 1423 124 xl

95 219 231 242 norum
269 206 375 242 1877
416 208 455 242 et
491 206 598 241 1883
638 207 712 241 iam
751 205 969 253 proposuit,
1007 216 1075 252 per
1107 204 1279 251 quinque
1310 202 1429 240 libros

96 267 239 313 primos
277 277 477 313 paucaque
515 265 688 312 capitula
723 265 886 300 aliorum
920 265 1074 300 strenue
1107 265 1145 299 et
1176 262 1328 299 naviter
1360 264 1428 299 im-

94 324 301 372 pendisset,
334 335 377 360 eo
409 326 533 360 morte
565 324 707 360 litteris
741 325 873 371 erepto
905 322 1108 359 thesaurus
1134 322 1201 358 ille
1226 323 1265 358 in
1292 334 1429 358 manus

96 382 287 420 Foersteri
325 383 495 431 collegae
532 383 727 430 pervenit,
767 394 788 418 a
826 394 901 429 quo
939 381 1115 429 precanti
1147 381 1261 427 mihi,
1298 382 1342 417 ut
1373 382 1429 416 in-

94 443 241 489 spicere
279 442 430 487 liceret,
468 440 689 477 liberrimus
728 453 817 477 usus
857 444 895 477 et
932 440 1201 477 commentarii
1237 442 1276 476 et
1307 452 1429 475 exem-

78 501 214 549 plaris
247 499 417 537 Gelliani
455 500 501 536 ab
534 499 692 537 Hertzio
730 500 792 536 hic
830 500 912 536 illie
946 499 1067 544 notis,
1104 499 1311 547 praecipue
1343 510 1431 535 con—

94 560 252 597 iecturis
284 560 456 596 virorum
488 559 707 605 doctorum,
742 559 889 606 aspersi
920 558 1199 595 humanissime
1231 570 1431 594 concessus

47 610 49 614 ’
95 622 162 655 est.
223 616 305 662 Quo
338 631 382 655 ex
414 619 693 655 commentario
727 618 798 654 viri
833 618 873 653 in
905 616 1015 654 libris
1048 619 1165 664 atque
1197 617 1341 653 litteris
1374 628 1432 653 as—

95 677 196 713 sidui
234 689 471 725 quamquam
511 679 611 723 erat,
649 677 750 724 quod
790 676 926 713 tollere
962 676 1098 721 velles,
1136 677 1267 712 tamen
1300 676 1339 711 in
1372 675 1432 712 his

94 735 288 783 prioribus
327 736 436 773 libris
475 737 606 784 copias
644 748 749 772 meas
787 747 863 772 non
896 735 1013 772 semel
1046 737 1085 771 et
1117 737 1249 771 auctas
1282 738 1321 771 et
1351 746 1433 771 cor—

96 797 219 832 rectas
252 807 332 832 esse
359 797 471 844 grato
498 795 628 831 animo
655 794 851 831 testificor.
908 794 1107 830 Proferam
1135 805 1225 830 vero
1251 794 1327 829 iam
1356 805 1431 829 non

94 853 226 900 modo,
264 866 363 902 quae
395 854 519 890 denuo
552 854 738 900 tractavi,
773 854 921 902 capita,
953 853 1019 889 sed
1051 853 1187 898 etiam,
1219 853 1260 888 in
1293 851 1433 899 quibus

94 925 154 949 res
182 914 262 949 iam
289 915 376 950 aeta
403 915 471 959 est,
497 912 724 950 brevissime
750 912 940 949 adnotans
967 912 1029 948 cui
1055 910 1311 958 subseribam3
1343 923 1433 947 nam

95 984 181 1008 eum
232 971 524 1019 disquisitiones
575 971 715 1008 dubiae
765 972 840 1008 niti
883 970 1050 1008 debeant
1092 970 1225 1016 certis,
1274 970 1347 1006 hae
1390 971 1435 1006 ut

95 1032 250 1078 praesto
271 1032 361 1077 sint,
381 1030 595 1079 optandum
610 1032 684 1077 est3
704 1030 1017 1078 praetermittam
1032 1030 1175 1076 tamen,
1196 1040 1244 1065 ne
1263 1029 1434 1076 spatium

95 1090 248 1126 licitum
280 1089 564 1139 supergrediar,
597 1091 636 1126 et
666 1090 704 1125 in
739 1088 892 1137 quibus,
924 1101 1010 1126 curn
1043 1088 1186 1125 diserte
1211 1088 1435 1134 sincereque

96 1147 243 1185 Gellius
270 1160 358 1186 suos
385 1149 560 1186 auctores
586 1149 810 1194 nominarit,
837 1148 968 1184 omnia
988 1147 1094 1184 clara
1113 1148 1215 1193 sunt,
1242 1148 1281 1183 et
1298 1158 1434 1195 pauca,

95 1208 135 1243 in
168 1206 308 1255 quibus
340 1220 387 1244 ne
419 1208 664 1244 coniecturae
696 1207 852 1254 quidem
884 1207 990 1243 locus
1023 1208 1090 1243 est.

184 1264 349 1311 Gellius,
382 1278 481 1314 quae
513 1266 696 1314 protulit,
728 1260 1002 1316 desumpsitU:

194 1395 224 1435 1)
258 1390 481 1424 HEDirksen
519 1392 591 1425 Die
626 1393 793 1435 Auszae'c'ye
830 1401 898 1424 aus
934 1391 1000 1424 (len
1033 1390 1212 1433 Schriften
1250 1390 1312 1424 cler
1350 1391 1433 1423 rom.

96 1439 401 1483 Reehtsyelehrten
437 1440 478 1472 in
514 1439 583 1472 deu
615 1438 662 1471 N.
694 1438 738 1471 A.
772 1438 832 1471 (les
863 1438 908 1471 A.
938 1437 1077 1472 Gellius
1114 1437 1151 1470 in
1190 1435 1338 1480 (Abhdl.
1372 1436 1436 1469 der

96 1485 188 1519 Berl.
204 1484 273 1519 Ak.
289 1485 322 1518 d.
337 1484 446 1518 Wiss.
470 1488 557 1519 1851
578 1497 613 1529 p.
636 1488 679 1519 29
700 1486 758 1528 =)
777 1483 933 1519 Hinterl.
955 1484 1151 1526 Schriften,
1177 1483 1324 1528 Lipsiae
1346 1486 1433 1516 1871

97 1532 111 1565 Ι
136 1545 170 1576 p.
200 1536 241 1566 21
270 1535 326 1577 (=
347 1531 430 1576 Di).
475 1531 686 1566 LMercklin
720 1532 792 1566 Die
827 1532 1093 1566 Cesstiermethode
1123 1532 1201 1566 zlizd
1235 1531 1435 1576 Quellewbe—

98 1585 258 1624 nutemzy
290 1580 350 1614 des
380 1580 426 1614 A.
456 1580 594 1614 Gellius
625 1581 665 1613 in
696 1579 761 1613 dev
795 1579 927 1613 Noctes
954 1580 1114 1621 Atticae,
1145 1577 1323 1612 Fleckeis.
1351 1588 1434 1611 ann.

78 1626 215 1671 ¹suppl.
235 1626 285 1660 III
311 1628 429 1670 (1860)
455 1638 489 1670 p.
513 1629 578 1660 635
594 1637 671 1669 sqq.
693 1627 750 1669 (=
772 1626 873 1670 Me.);
906 1625 1015 1660 Gellii
1039 1627 1161 1670 capita
1187 1625 1363 1669 quaedam
1387 1625 1437 1659 ad

95 1675 210 1717 sontes
228 1678 391 1708 revocata
409 1673 487 1707 Ind.
505 1673 656 1717 Dorpat.
675 1675 775 1714 1861,
796 1683 906 1716 quam
927 1672 1290 1707 dissertatiunculam
1309 1681 1435 1715 quam-

97 1721 150 1754 vis
166 1731 254 1801 tperb
265 1720 511 1755 bibliothecas
538 1722 575 1773 et
599 1719 822 1800 bipliopolas
843 1719 1097 1800 quaesivefiimg
1121 1721 1165 1773 ut
1183 1719 1344 1800 vigeri?
1363 1729 1435 1799 nep

97 1779 163 1801 con
184 1779 236 1813 1g1
262 1783 270 1809 3
309 1779 488 1802 summam
527 1778 604 1801 eius
660 1777 766 1801 amen
803 1777 887 1801 novi
925 1777 969 1800 ex
1041 1777 1080 1801 er
1099 1777 1170 1808 zio,
1236 1777 1278 1799 us
1308 1777 1361 1808 10,
1388 1776 1409 1799 a
1428 1794 1432 1799 .

97 1817 153 1859 (=
168 1814 237 1849 Me.
253 1814 359 1859 ind.);
385 1814 516 1848 Philol.
538 1814 621 1848 XVI
635 1816 754 1858 (1860)
770 1817 835 1847 170
853 1815 909 1857 (=
925 1813 993 1848 Me.
1009 1813 1134 1858 Phil.);
1154 1813 1332 1847 Fleckeis.
1351 1824 1433 1846 ann.

97 1865 141 1895 83
160 1864 281 1906 (1861)
299 1874 333 1906 p.
357 1865 423 1895 713
443 1863 500 1905 (-—-
515 1861 584 1895 Me.
603 1862 711 1904 ann.)
755 1860 1033 1895 JKretzschmer
1052 1862 1110 1895 De
1129 1862 1174 1895 Α.
1198 1860 1309 1895 Gellii
1326 1861 1435 1903 fonti-

97 1910 172 1943 bus.
192 1909 294 1943 Part.
310 1910 340 1943 I.
364 1909 422 1944 De
435 1909 642 1943 auctoribus
655 1911 701 1943 A.
719 1908 829 1943 Gellii
840 1910 1086 1953 yrammaticis
1100 1908 1198 1951 (diss.
1215 1907 1435 1952 Gryphisw.)

97 1955 303 1990 Posnaniae
336 1959 426 1990 1860
452 1957 509 2000 (=
536 1955 629 1999 K1·.);
662 1954 838 1989 Fleckeis.
869 1965 952 1989 ann.
979 1958 1022 1989 85
1050 1956 1168 1999 (1862)
1196 1958 1261 1988 361
1289 1956 1346 1998 (=
1373 1954 1433 1989 Kr.

98 2004 206 2048 ann.)
257 2002 411 2037 LRuske
436 2004 494 2037 De
519 2005 565 2037 A.
589 2002 698 2037 Gellii
722 2003 893 2036 Noctium
913 2003 1120 2037 Atticarum
1143 2003 1305 2045 fontibus
1329 2013 1434 2046 quae-

96 2051 227 2084 stiones
245 2051 388 2084 selectae
407 2050 508 2093 (diss.
522 2049 733 2093 Vratislav.)
755 2048 904 2083 Glaciae
927 2052 1015 2083 1883
1033 2052 1091 2093 (τ-
1105 2049 1198 2093 Ru).
1238 2048 1435 2083 OFroehde

98 2098 200 2132 Rom.
221 2097 477 2131 Dichtereitate
499 2098 553 2131 bei
574 2097 721 2138 Gellius,
748 2095 927 2130 Festschr.
949 2096 972 2130 f.
994 2095 1049 2130 JV
1051 2096 1171 2137 ahlen,
1198 2095 1322 2129 Berlin
1345 2099 1435 2129 1900

98 2147 165 2177 523
180 2155 256 2188 sqq.
281 2145 338 2188 (=
355 2144 437 2189 Fr).
488 2143 658 2178 JWBeck
685 2144 817 2178 Studia
845 2143 1014 2178 Gelliana
1045 2148 1077 2178 et
1101 2144 1282 2178 Pliniana
1306 2142 1435 2176 Fleck-

98 2191 160 2225 eis.
188 2201 270 2225 ann.
298 2190 416 2235 suppl.
440 2191 522 2225 XIX
543 2193 661 2234 (1892)
683 2194 700 2224 1
723 2192 780 2234 (=
802 2189 930 2235 Beck);
956 2191 1013 2225 De
1039 2191 1200 2234 Sulpicio
1225 2191 1436 2234 Apollinari

98 2237 308 2282 Groningae
329 2241 436 2280 18843
458 2239 516 2273 De
536 2239 591 2272 M.
615 2238 756 2272 Valerio
775 2238 894 2272 Probo
913 2238 1064 2282 Berytio
1083 2239 1306 2282 quaestiones
1323 2248 1436 2271 evovae

98 2284 308 2329 Groningae
330 2288 418 2319 1886
440 2286 497 2329 (=
514 2284 613 2318 Beck
633 2285 772 2328 Prob.);
799 2285 876 2319 Zur
903 2285 1198 2329 Quellenawalyse
1222 2285 1283 2319 des
1309 2284 1434 2318 Chari-

97 2333 174 2365 sius
203 2331 334 2366 Philol.
360 2331 508 2365 XLVIH
533 2333 652 2375 (1889)
680 2335 762 2372 ‘2553
795 2332 867 2365 Die
901 2332 1043 2376 Quelleii
1077 2333 1114 2366 iu
1147 2332 1213 2366 (len
1244 2335 1433 2376 θνα-ηηηαΐ.
