1591 2474
143 39 200 80 28
593 40 827 75 CAPITVLA
853 41 939 76 LIB.
965 41 1050 76 XHI

159 146 322 201 sophis3
355 148 488 200 deque
522 148 704 203 eleganti
736 149 986 189 verecundia
1018 147 1261 190 Aristotelis
1294 164 1503 192 successo-

156 220 245 246 rem
280 206 483 247 diatribae
516 221 614 246 suae
648 207 854 261 eligentis.

245 263 306 305 VI
345 264 454 313 Quid
484 267 645 305 veteres
671 264 812 305 Latini
839 266 1032 318 dixerint,
1066 280 1168 319 quas
1197 265 1345 307 Graeci
1369 280 1503 322 προσ-

156 323 287 378 ῳδίας
331 323 566 376 appellant3
616 324 716 363 item
763 324 877 376 quod
919 324 1173 365 vocabulum
1219 325 1501 367 ‘barbarismi'

154 394 241 421 non
260 382 558 435 usurpaverint
577 396 713 434 neque
728 380 909 423 Romani
932 384 1190 436 antiquiores
1204 398 1341 436 neque
1355 383 1500 425 Attici.

242 438 324 479 VII
364 439 586 480 Diversum
623 440 672 480 de
704 443 854 481 natura
886 442 1057 482 leonum
1084 442 1239 483 dixisse
1266 441 1500 484 Homerum

154 498 197 537 in
231 499 486 538 carminibus
520 501 561 538 et
592 497 859 539 Herodotum
892 500 936 540 in
966 499 1166 541 historiis.

242 555 343 596 VIII
365 556 487 604 Quod
500 555 702 597 Afranius
722 560 848 611 poeta
868 559 1097 611 prudenter
1118 562 1159 599 et
1175 560 1312 613 lepide
1329 558 1501 613 Sapien-

153 615 255 654 tiam
288 615 420 655 filiam
454 630 543 656 esse
575 614 687 656 Vsus
721 618 762 656 et
792 615 1022 658 Memoriae
1055 618 1170 658 dixit.

240 672 300 713 IX
346 673 455 721 Quid
493 673 657 714 Tullius
696 673 795 715 Tiro
840 676 883 715 in
930 677 1241 716 commentariis
1286 677 1500 730 scripserit

153 731 202 771 de
235 732 392 772 suculis
426 734 466 772 et
498 731 727 786 hyadibus,
763 747 869 785 quae
902 736 1000 774 sunt
1032 735 1248 775 stellarum
1281 735 1499 776 vocabula.

239 788 278 829 X
311 789 421 838 Quid
448 791 636 831 ‘sororis'
662 793 822 845 ἑτνμον
842 807 930 833 esse
953 793 1104 833 dixerit
1123 792 1265 834 Labeo
1286 792 1499 835 Antistius

151 851 191 888 et
224 849 325 900 quid
359 849 532 889 ‘fratris’
565 848 608 889 P.
635 848 846 905 Nigidius.

237 906 298 947 XI
325 906 457 955 Quem
478 907 533 948 M.
553 907 690 948 Varro
717 911 864 962 aptum
892 909 1135 962 iustumque
1163 924 1252 950 esse
1274 925 1496 951 numerum

150 966 424 1006 convivarum
463 967 734 1020 existimaritg
773 981 820 1007 ac
859 968 908 1008 de
946 969 1102 1008 mensis
1141 969 1333 1009 secundis
1372 972 1414 1009 et
1448 970 1498 1010 de

147 1023 345 1064 bellariis.

236 1081 318 1122 XII
350 1081 561 1124 Tribunos
588 1083 724 1137 plebis
750 1085 1018 1138 prensionem
1039 1083 1205 1138 habere,
1231 1086 1495 1127 vocationem

145 1154 230 1181 non
263 1140 428 1181 habere.

234 1198 337 1239 XIII
373 1199 495 1248 Quod
527 1201 571 1240 in
602 1200 722 1240 libris
755 1200 1035 1242 humanarum
1062 1200 1115 1242 M.
1137 1200 1340 1243 Varronis
1368 1203 1495 1256 scrip-

144 1260 236 1297 tum
270 1260 334 1298 est
366 1259 521 1299 aediles
555 1261 595 1298 et
628 1262 872 1312 quaestores
905 1261 1053 1313 populi
1085 1259 1267 1301 Romani
1299 1261 1342 1301 in
1374 1261 1439 1301 ius
1471 1276 1495 1302 a

144 1317 310 1369 privato
344 1317 396 1357 ad
427 1319 665 1370 praetorem
698 1318 840 1358 vocari
871 1333 1006 1372 posse.

231 1373 333 1415 XIV
375 1374 486 1423 Quid
519 1376 572 1416 sit
604 1377 852 1429 pomerium.

231 1431 313 1473 XV
345 1428 491 1474 'Verba
518 1448 567 1474 ex
594 1434 704 1474 libro
731 1433 936 1475 Messalae
963 1436 1146 1489 auguris,
1180 1435 1333 1488 quibus
1361 1436 1494 1489 docet,

142 1491 216 1543 qui
243 1492 327 1532 sint
353 1492 537 1532 minores
564 1493 838 1547 magistratus
865 1496 906 1533 et
933 1494 1148 1533 consulem
1170 1496 1492 1547 praetoremque

142 1550 341 1603 conlegas
375 1565 482 1601 esse3
516 1553 557 1591 et
589 1551 792 1603 quaedam
828 1552 909 1591 alia¹
943 1552 992 1592 de
1024 1552 1236 1605 auspiciis.

230 1607 332 1649 XVI
353 1608 431 1661 (ἴῃ.
452 1608 534 1649 XV
554 1608 669 1664 asir.)
703 1608 809 1650 Item
830 1610 956 1650 verba
979 1610 1163 1650 eiusdem
1185 1609 1390 1651 Messalae
1412 1611 1491 1651 dis-

141 1668 317 1707 serentis
344 1668 459 1707 aliud
486 1682 575 1708 esse
602 1668 653 1708 ad
679 1669 885 1721 populum
910 1669 1040 1721 loqui⁷
1066 1669 1181 1709 aliud
1208 1683 1302 1709 cum
1329 1670 1490 1722 populo

139 1739 281 1778 agere3
312 1728 353 1766 et
381 1726 452 1777 qui
479 1726 753 1780 magistratus
779 1742 802 1767 a
829 1727 982 1779 quibus
1009 1730 1186 1768 avocent
1213 1728 1489 1768 comitiatum.
1523 1743 1527 1747 “

227 1782 351 1824 XVII
378 1783 517 1839 (XVI)
551 1784 874 1826 Humanitatem
907 1799 994 1826 non
1027 1786 1263 1840 significare
1290 1786 1343 1838 id,
1376 1786 1490 1839 quod

137 1842 289 1896 volgus
316 1845 451 1895 putat,
479 1843 551 1883 sed
577 1857 625 1883 eo
647 1843 869 1896 vocabulo,
896 1844 969 1896 qui
990 1844 1207 1885 sinceriter
1226 1845 1359 1884 locuti
1379 1847 1490 1897 sunt,

137 1901 273 1954 magis
305 1902 475 1954 proprie
509 1916 597 1942 esse
629 1916 738 1942 usos.

226 1957 370 1999 XVIII
410 1958 571 2014 (XVII)
618 1959 728 2008 Quid
771 1963 874 2014 aput
911 1959 965 2001 M.
1000 1959 1202 2001 Catonem
1247 1961 1488 2015 significent

135 2016 265 2057 verba
297 2017 401 2058 haec
436 2018 561 2058 ‘inter
595 2032 639 2058 os
672 2020 799 2071 atque
833 2019 991 2059 offam'.

224 2073 325 2115 XIX
354 2074 536 2130 (XVIII)
569 2075 819 2128 <Platonem
851 2077 1035 2118 tribuere
1060 2076 1255 2130 Euripidi
1284 2075 1486 2130 Sophocli

133 2146 322 2187 versum3
355 2137 397 2174 et
429 2135 584 2174 similia
617 2135 823 2187 quaedam
856 2135 978 2187 alia>

222 2190 302 2231 XX
346 2191 485 2248 (XIX)
535 2191 599 2233 De
644 2207 796 2248 genere
841 2196 967 2246 atque
999 2191 1255 2250 [nominibus
1299 2193 1484 2234 familiae

129 2248 314 2291 Porciae.
