1602 2484
64 715 95 740 10

65 1007 98 1032 15

68 1301 101 1325 20

71 1594 104 1618 25

74 1887 108 1912 30

752 60 812 93 13
1400 58 1455 98 45

110 185 161 210 ne
206 184 229 209 a
274 168 449 222 perfidia
494 171 534 208 et
579 169 702 221 culpa
747 182 833 208 non
876 167 1101 207 abhorreat
1145 167 1189 207 in
1233 167 1376 207 eadem
1416 182 1458 206 re

111 228 343 280 eodemque
375 230 565 280 tempore
598 227 726 279 inque
757 227 971 267 communi
996 225 1182 280 negotio,
1216 225 1328 278 quod
1357 225 1456 265 1111111

113 287 320 339 optimum
360 286 475 326 factu
511 285 721 333 duxerim,
761 286 972 325 diversum
1005 285 1093 324 eius
1126 284 1219 325 aliis
1254 283 1459 324 suasisse.'

203 344 258 385 Et
290 344 359 384 1110
390 347 531 384 autem
560 342 724 393 Chilo,
758 344 1023 397 praestabilis
1055 343 1184 383 homo
1219 343 1461 396 sapientiae,
1500 353 1519 382 8

113 418 297 457 quonam
343 417 476 456 usque
520 403 712 443 debuerit
756 406 902 442 contra
946 403 1083 457 legem
1129 406 1359 455 contraque
1398 403 1462 441 ius

114 477 189 516 pro
217 463 353 502 amico
380 461 589 516 progredi,
616 461 838 512 dubitavit,
865 475 996 514 eaque
1023 475 1087 501 res
1114 461 1159 501 in
1184 461 1267 501 fine
1294 474 1462 513 quoque

113 522 224 562 vitae
263 521 355 573 ipso
394 520 582 560 animum
622 520 711 560 eius
749 520 885 571 anxit,
925 523 966 560 et
1004 520 1076 560 alii
1110 520 1306 573 deinceps
1340 520 1460 559 inulti
1503 529 1521 558 9

114 578 410 633 philosophiae
454 582 699 630 sectatores,
743 581 791 619 ut
835 579 879 619 in
916 579 1035 619 libris
1074 592 1219 619 eorum
1259 579 1463 631 scriptum

114 641 194 687 est,
239 638 340 678 satis
380 638 581 690 inquisite
620 638 805 690 satisque
845 638 1024 677 sollicite
1064 638 1379 690 quaesiverunt,
1419 640 1464 676 ut

116 697 272 749 verbis,
311 710 418 749 quae
451 696 608 749 scripta
641 699 750 749 sunt,
782 696 884 749 ipsis
918 699 1029 748 utar,
1062 697 1098 736 «εἰ
1138 697 1217 736 δεῖ
1246 697 1465 748 βοηθεῖν

115 762 180 812 τςό
220 757 353 810 φίλῳ
391 756 524 808 παρὰ
562 755 616 795 τὸ
654 755 860 795 δίκαιον
892 753 975 795 καὶ
1007 754 1155 808 μέχρι
1188 755 1351 795 πόσου
1383 755 1465 794 καὶ

115 822 247 855 ποῖοι.
304 813 366 854 Ea
399 814 526 854 verba
559 814 800 867 significant
827 814 1038 866 quaesisse
1065 828 1148 865 eos,
1180 828 1233 853 an
1259 827 1466 853 nonnum-

117 887 243 926 quam
277 875 423 913 contra
455 873 520 912 ius
551 875 748 913 contrave
774 886 935 912 morem
962 872 1201 912 faciendum
1229 886 1304 924 pro
1332 872 1467 911 amico

118 932 172 972 sit
199 934 240 972 et
266 932 310 971 in
337 931 534 984 qualibus
561 932 697 972 causis
725 934 766 972 et
793 946 1019 984 quemnam
1046 945 1178 983 usque
1205 930 1257 970 ad
1284 931 1466 970 modum.

208 989 345 1044 Super
388 990 467 1030 hac
511 990 757 1043 quaestione
802 1004 897 1030 cum
941 990 993 1030 ab
1038 989 1149 1041 aliis,
1201 990 1324 1029 sicuti
1370 989 1468 1041 dixi,
1486 998 1528 1028 10

119 1050 282 1101 multis,
326 1051 417 1089 tum
462 1050 530 1089 vel
575 1049 897 1103 diligentissime
935 1064 958 1088 a
997 1047 1349 1101 Theophrasto
1390 1048 1468 1088 dis-

120 1110 311 1161 putatur,
346 1108 436 1147 viro
469 1108 513 1147 in
545 1106 817 1161 philosophia
851 1108 1125 1160 peripatetica
1159 1106 1469 1147 modestissimo
1513 1120 1515 1123 ·

120 1167 468 1219 doctissimoque,
513 1180 645 1219 eaque
690 1166 920 1219 disputatio
967 1166 1123 1219 scripta
1162 1168 1241 1217 est,
1287 1166 1321 1205 si
1360 1168 1470 1205 recte

120 1226 402 1277 meminimus,
428 1225 478 1264 in
503 1225 637 1265 libro
665 1225 770 1265 eius
798 1225 853 1265 (10
879 1225 1106 1265 amicitia
1132 1225 1304 1277 primo.
1360 1223 1469 1264 Eum
1488 1234 1528 1263 11

121 1284 278 1324 librum
317 1283 372 1324 M.
407 1282 581 1324 Cicero
622 1284 787 1324 videtur
824 1284 993 1338 legisse,
1040 1297 1134 1323 cum
1174 1283 1263 1335 ipse
1303 1296 1472 1335 quoque

121 1343 278 1383 librum
318 1343 373 1382 de
411 1343 639 1382 amicitia
679 1345 961 1395 componeret.
1026 1341 1082 1382 Et
1121 1345 1258 1382 cetera
1291 1341 1474 1394 quidem,

122 1416 229 1454 quae
268 1401 470 1441 sumenda
508 1416 531 1440 a
564 1400 917 1454 Theophrasto
958 1400 1234 1451 existimavit,
1273 1403 1321 1440 ut
1359 1401 1473 1454 inge-

122 1460 239 1500 nium
266 1460 546 1512 facundiaque
574 1460 662 1500 eius
688 1460 781 1512 fuit,
809 1460 990 1513 sumpsit
1016 1462 1057 1500 et
1080 1459 1343 1512 transposuit
1364 1472 1473 1499 com-

122 1518 365 1559 modissime
403 1519 723 1571 aptissimeque3
767 1518 880 1558 hunc
917 1521 1059 1559 autem
1098 1519 1257 1567 locum,
1300 1518 1350 1558 de
1389 1531 1472 1570 quo
1492 1527 1531 1556 12

125 1578 225 1617 satis
259 1577 497 1630 quaesitum
530 1592 618 1617 esse
646 1577 745 1629 dixi,
779 1578 968 1617 omnium
994 1591 1134 1617 rerum
1161 1577 1339 1617 aliarum
1366 1576 1473 1616 diffi-

125 1636 331 1676 cillimum
364 1635 543 1676 strictim
576 1638 703 1688 atque
736 1636 890 1676 cursim
917 1638 1204 1690 transgressus
1231 1638 1305 1686 est,
1338 1648 1473 1687 neque

125 1709 190 1747 ea,
228 1708 335 1746 quae
367 1709 390 1734 a
423 1692 774 1747 Theophrasto
807 1695 1066 1747 pensiculate
1099 1697 1226 1746 atque
1259 1694 1475 1733 enucleate

126 1753 282 1805 scripta
321 1755 436 1803 sunt,
474 1756 674 1793 executus
708 1755 787 1803 est,
827 1753 899 1793 sed
931 1753 1143 1792 anxietate
1175 1752 1248 1792 illa
1281 1755 1322 1792 et
1355 1752 1475 1805 quasi

126 1811 373 1851 morositate
412 1811 710 1864 disputationis
750 1811 1044 1864 praetermissa
1079 1825 1211 1865 genus
1244 1811 1384 1863 ipsum
1417 1811 1475 1850 rei

127 1872 294 1910 tantum
333 1870 477 1923 paucis
516 1870 654 1910 verbis
693 1870 866 1910 notavit.
932 1869 994 1909 Ea
1033 1869 1160 1909 verba
1199 1868 1537 1920 Ciceronis,13

129 1929 164 1968 si
214 1937 428 1968 recensere
480 1929 573 1980 quis
626 1929 768 1980 vellet,
818 1929 998 1981 apposui
1043 1927 1213 1972 (XVII
1248 1931 1337 1975 61ss
1388 1927 1478 1968 His

128 1987 291 2041 igitur
326 1986 520 2027 finibus
559 1987 798 2027 utendum
837 2001 943 2027 esse
981 1987 1222 2039 arbitror,
1262 1990 1333 2039 ut,
1372 2000 1479 2027 cum

130 2045 381 2086 emendati
418 2059 579 2085 mores
618 2046 892 2086 amicorum
931 2048 1064 2094 sunt,
1105 2048 1209 2086 tum
1249 2046 1315 2085 sit
1347 2046 1480 2086 inter

131 2118 213 2144 eos
261 2104 480 2144 omnium
524 2119 704 2156 rerum,
757 2105 1107 2156 consiliorum,
1158 2105 1480 2144 voluntatum

227 2246 247 2276 9
273 2242 396 2286 inquit
421 2242 452 2275 si
478 2243 515 2276 te
543 2242 646 2286 (scite
666 2244 704 2286 P>
733 2243 784 2287 or}
801 2245 840 2276 17
868 2253 917 2276 an
942 2242 1230 2277 honestissimo?
1256 2243 1321 2284 cfr.
1344 2244 1368 2276 Ι
1384 2246 1415 2283 4,
1438 2240 1482 2287 1ἶὶ

133 2292 177 2322 23
205 2289 256 2323 015
283 2291 438 2333 PV5127
464 2289 609 2333 pensim
635 2290 657 2334 β
676 2291 686 2334 Η
707 2292 750 2322 33
778 2289 852 2323 sint
880 2289 950 2324 Cic.
