1611 2474
137 352 156 381 6

172 55 256 95 338
801 56 833 89 X
860 60 877 89 1

174 166 332 216 aperte,
372 163 473 216 quid
512 163 594 204 dici
632 166 862 217 oporteret,
900 164 1084 216 edocuit,
1123 167 1164 205 et
1201 179 1278 219 ego
1312 164 1508 205 adversus

174 237 285 274 eum,
323 224 403 275 ‘qui
448 222 596 262 doctus
639 236 727 262 esse
766 222 998 277 dicebatur,
1042 223 1159 263 litem
1199 238 1334 263 meam
1373 223 1508 264 facere

174 281 322 321 absens
354 282 482 321 nolui.

260 339 399 380 Verba
444 339 499 379 M.
544 338 787 379 Varronis
838 354 888 380 ex
937 340 1068 380 libro
1120 340 1508 393 disciplinarum

172 399 348 452 quinto
381 398 483 438 haec
515 401 612 438 sunt
644 400 700 449 (p.
727 401 815 440 202
834 398 969 451 Βὴ).);
1001 398 1155 438 Aliud
1187 402 1262 439 est
1294 399 1505 451 ‘quarto'
1546 416 1562 442 5

170 460 452 510 praetorem
479 457 596 497 fieri
622 459 669 497 et
689 456 825 497 aliud
849 457 1124 510 ‘quartum’,
1146 458 1275 511 quod
1296 457 1505 510 ‘quarto’

169 517 332 556 locum
372 515 705 570 adsignificat
743 530 796 555 ac
833 519 934 556 tres
972 518 1085 556 ante
1122 517 1303 569 factos,
1349 517 1507 569 ‘quar-

170 576 286 615 tum’
332 577 527 627 tempus
572 574 904 629 adsignificat
949 578 995 615 et
1037 577 1113 615 ter
1157 578 1269 616 ante
1306 575 1505 616 factum.

168 634 336 688 Igitur
355 633 548 673 Ennius
569 636 720 686 recte,
742 634 872 686 quod
893 635 1102 687 scripsit
1122 633 1226 686 (326
1241 634 1304 674 M.
1319 637 1403 675 209
1416 634 1505 687 BQ:

229 716 445 765 Quintus
478 718 621 769 pater
653 718 883 769 quartum
917 716 979 756 fit
1012 717 1204 769 consul,
1527 736 1560 760 10

169 802 216 840 et
254 798 522 852 Pompeius
565 798 757 847 timide,
803 798 933 851 quod
977 799 1025 838 in
1069 799 1288 851 theatro,
1331 813 1389 838 ne
1427 798 1506 837 ad-

169 858 416 899 scriberet
450 858 641 898 ‘consul
670 857 892 898 tertium'
920 860 1003 898 aut
1030 858 1227 909 ‘tertio'‚
1260 860 1505 898 extremas

168 918 371 958 litteras
403 930 501 956 non
534 916 752 969 scripsit.

258 974 379 1024 Quod
423 976 472 1015 de
510 974 714 1028 Pompeio
754 974 912 1015 Varro
950 974 1134 1015 breviter
1172 977 1212 1015 et
1250 974 1505 1015 subobscure

169 1035 286 1087 dixit,
319 1034 435 1074 Tiro
463 1034 679 1086 Tullius,
714 1032 971 1075 Ciceronis
996 1033 1186 1087 libertus,
1214 1034 1258 1073 in
1284 1032 1505 1086 epistula
1527 1053 1558 1078 15

168 1094 347 1147 quadam
399 1093 630 1134 enarratius
682 1093 850 1146 scripsit
899 1093 951 1132 ad
1000 1093 1112 1133 hunc
1158 1092 1289 1133 ferme
1332 1091 1504 1132 modum

169 1152 400 1205 (2).12L2):
436 1151 552 1192 Cum
579 1151 848 1205 Pompeius
881 1151 1020 1204 inquit
1051 1152 1219 1191 aedem
1245 1150 1504 1192 Victoriae

168 1211 494 1252 dedicaturus
532 1211 682 1264 foret,
721 1211 862 1252 cuius
902 1210 1084 1265 gradus
1122 1211 1279 1251 vicem
1313 1209 1504 1250 theatri

168 1273 352 1323 essent,
401 1284 680 1322 nomenque
725 1270 830 1310 eius
874 1272 921 1310 et
964 1269 1179 1310 honores
1224 1268 1504 1309 scriberen-

167 1333 264 1383 tur,
304 1329 476 1382 quaeri
514 1331 744 1382 coeptum
784 1330 874 1381 est,
912 1331 1076 1368 utrum
1110 1327 1302 1368 ‘consul
1332 1327 1558 1371 tertio’20

167 1388 543 1433 inscribendum
570 1390 701 1428 esset
727 1402 785 1427 an
808 1387 1057 1427 ‘tertium'.
1107 1386 1224 1427 Eam
1244 1401 1343 1426 rem
1364 1386 1503 1426 Pom-

167 1448 309 1500 peius
365 1446 765 1499 exquisitissime
820 1447 1024 1486 rettulit
1073 1446 1130 1485 ad
1180 1445 1502 1485 doctissimos

167 1506 416 1557 civitatis,
449 1519 656 1558 cumque
690 1505 1050 1545 dissentiretur
1082 1507 1128 1544 et
1159 1518 1271 1557 pars
1305 1503 1503 1556 ‘terti0',

167 1565 255 1605 alii
290 1564 526 1604 ‘tertium’
554 1564 871 1605 scribendum
899 1563 1278 1615 contenderent,
1303 1562 1503 1616 rogavit

165 1623 304 1676 inquit
338 1622 625 1664 Ciceronem
658 1622 944 1676 Pompeius,
974 1625 1045 1675 ut,
1078 1621 1208 1674 quod
1241 1622 1282 1661 ei
1314 1621 1502 1662 rectius
1522 1639 1556 1665 25

165 1683 439 1734 videretur,
478 1682 630 1722 scribi
666 1682 872 1722 iuberet.
935 1680 1043 1721 Tum
1076 1679 1365 1721 Ciceronem
1398 1679 1501 1720 iudi-

166 1755 258 1781 care
285 1741 334 1780 de
360 1741 460 1781 viris
487 1740 620 1782 doctis
644 1741 823 1780 veritum
845 1754 944 1793 esse,
969 1754 1032 1792 ne,
1059 1754 1238 1792 quorum
1260 1739 1501 1792 opinionem

164 1800 448 1853 inprobasset,
497 1800 612 1853 ipsos
661 1799 872 1840 videretur
914 1798 1169 1852 inprobasse.
1242 1797 1502 1838 Persuasit

164 1860 325 1913 igitur
343 1858 600 1911 Pompeio,
626 1861 679 1899 ut
697 1872 856 1911 neque
879 1857 1114 1898 ‘tertium'
1136 1870 1293 1909 neque
1316 1855 1500 1896 ‘tertio’

259 1990 279 2019 4
295 1998 371 2030 sqq.
399 1986 492 2020 Non.
514 1985 546 2019 V
565 1997 598 2029 p.
621 1989 700 2028 435,
722 1988 742 2018 8
769 1984 863 2018 GLK
882 1984 915 2018 V
935 1988 1014 2028 517,
1036 1988 1078 2017 22

259 2106 279 2135 4
310 2103 464 2136 uerbum
495 2103 662 2137 uarronis
689 2104 718 2137 δ
748 2104 759 2147 ΙΙ
791 2106 810 2136 6
844 2104 880 2136 et
912 2101 1029 2147 aliud]
1055 2105 1080 2134 B
1112 2103 1148 2135 et
1175 2115 1201 2134 ω
1234 2100 1336 2134 aliud
1363 2104 1403 2134 ut
1427 2100 1498 2134 vid.

165 2150 261 2183 Now.
286 2150 289 2194 Ι
313 2150 425 2194 quod]
454 2151 490 2183 et
515 2152 568 2184 vel
593 2161 657 2184 om.
679 2151 776 2184 Non.
800 2150 804 2195 Ι
827 2151 999 2193 quartum
1024 2153 1064 2182 ut
1089 2149 1159 2182 vid.
1180 2149 1277 2182 Non.
1303 2149 1314 2191 Η
1342 2150 1359 2180 7
1386 2146 1499 2191 signi-

165 2197 250 2230 ficat
270 2197 366 2230 Non.
382 2198 434 2230 bis
451 2196 453 2241 A
472 2198 508 2230 et
528 2198 624 2231 Non.
643 2197 646 2242 Ι
664 2198 794 2241 quarto
810 2198 906 2231 Non.
926 2198 937 2240 Η
957 2200 976 2229 8
996 2195 1176 2239 templum
1192 2196 1271 2228 ΠΧ
1289 2195 1300 2238 ΙΙ
1322 2197 1364 2227 14
1384 2194 1498 2238 quod-

165 2254 235 2287 que
256 2243 300 2276 de
319 2246 342 2275 Z
362 2245 372 2287 ΙΙ
395 2247 435 2277 17
455 2243 640 2277 Minervae
661 2245 850 2288 Scioppius
868 2245 879 2287 ΙΙ
901 2247 942 2277 18
963 2242 1044 2276 uice
1060 2244 1103 2276 Π
1119 2245 1130 2287 Η
1151 2245 1192 2275 19
1213 2241 1500 2275 inscriberentur

163 2290 362 2334 N0211x11
383 2294 426 2323 20
452 2290 536 2324 terii
563 2292 638 2334 (hoc
662 2295 694 2325 et
712 2293 748 2334 Z)
776 2291 970 2325 scribendu
994 2289 1037 2327 αἱ
1056 2291 1067 2334 ss
1087 2293 1129 2322 22
1157 2288 1380 2333 exquisitum
1404 2288 1500 2322 Boot
