1602 2484
584 516 610 559 ὅ
614 513 668 559 Α.
708 511 923 558 GELLH

148 613 455 668 NOCTIVM
501 610 892 665 ATTICARVM
938 608 1353 664 PRAEFATIO>

167 825 236 846 *με
259 808 506 848 iucundiora
533 806 614 847 alia
640 806 813 859 reperiri
840 809 1012 859 queunt,
1039 806 1091 846 ad
1115 806 1196 846 hoc
1216 809 1263 846 ut
1282 805 1427 846 liberis
1447 819 1463 848 1

78 882 248 923 quoque
270 867 372 907 meis
390 869 534 920 partae
550 865 788 906 istiusmodi
802 865 1071 906 remissiones
1087 867 1237 917 essent,
1259 865 1427 918 quando

79 927 244 968 animus
265 941 410 967 eorum
432 925 714 966 interstitione
737 925 878 978 aliqua
896 925 1167 979 negotiorum
1186 924 1282 964 data
1296 924 1429 964 laxari

80 986 374 1040 indulgerique
400 984 620 1038 potuisset.
675 982 752 1024 Vsi
778 986 919 1024 autem
946 998 1091 1024 sumus
1119 983 1264 1023 ordine
1289 998 1430 1041 rerum
1447 998 1466 1026 ⁵2.

44 1062 58 1087 5
79 1046 276 1097 fortuito,
315 1059 440 1098 quem
479 1046 602 1084 antea
640 1044 683 1083 in
716 1043 977 1096 excerpendo
1010 1043 1255 1083 feceramus.
1318 1041 1431 1082 Nam

80 1104 256 1159 proinde
302 1106 349 1144 ut
392 1103 549 1143 librum
594 1117 805 1156 quemque
848 1102 893 1142 in
936 1116 1085 1142 manus
1125 1116 1318 1155 ceperam
1357 1115 1431 1142 seu

83 1163 290 1204 Graecum
342 1177 415 1203 seu
459 1161 657 1202 Latinum
708 1162 776 1201 vel
827 1161 928 1214 quid
976 1164 1211 1201 memoratu
1257 1161 1433 1215 dignum

83 1223 308 1273 audieram,
341 1222 400 1261 ita
432 1236 538 1274 quae
570 1221 741 1261 libitum
773 1223 871 1272 erat,
906 1221 1024 1261 cuius
1058 1220 1222 1275 generis
1250 1234 1434 1273 cumque

83 1284 213 1334 erant,
239 1281 484 1321 indistincte
510 1282 636 1333 atque
662 1280 871 1333 promisce
899 1279 1154 1319 annotabam
1175 1294 1306 1332 eaque
1328 1279 1436 1319 mihi

32 1357 64 1382 ιο
85 1341 135 1381 ad
161 1340 397 1381 subsidium
418 1340 645 1380 memoriae
667 1339 787 1392 quasi
808 1339 1020 1392 quoddam
1040 1339 1277 1379 litterarum
1298 1352 1434 1392 penus

83 1399 375 1451 recondebam,
401 1401 461 1451 ut,
488 1398 654 1452 quando
683 1413 783 1438 usus
810 1398 994 1438 venisset
1020 1400 1093 1438 aut
1118 1398 1179 1438 rei
1204 1400 1277 1438 aut
1302 1397 1433 1449 verbi,

85 1458 204 1499 cuius
243 1472 309 1498 me
346 1472 497 1510 repens
536 1458 645 1498 forte
686 1457 844 1497 oblivio
883 1457 1105 1509 tenuisset,
1151 1459 1192 1497 et
1229 1456 1344 1509 libri,
1385 1471 1435 1497 ex

86 1517 239 1571 quibus
272 1531 320 1557 ea
352 1531 632 1569 sumpseram,
664 1530 751 1556 non
783 1516 992 1569 adessent,
1024 1516 1150 1556 facile
1182 1516 1279 1557 inde
1310 1515 1435 1556 nobis

86 1577 261 1617 inventu
293 1578 419 1629 atque
452 1576 706 1629 depromptu
737 1576 857 1616 foret.

34 1651 66 1677 15
174 1634 303 1675 Facta
334 1635 465 1689 igitur
497 1637 560 1675 est
588 1635 632 1674 in
657 1635 723 1674 his
751 1648 920 1688 quoque
949 1634 1263 1675 commentariis
1290 1634 1434 1674 eadem
1455 1646 1473 1676 3

86 1709 226 1735 rerum
277 1694 551 1747 disparilitas,
603 1708 708 1747 quae
751 1694 834 1734 fuit
878 1694 922 1733 in
965 1693 1050 1733 illis
1089 1693 1436 1733 annotationibus

88 1753 295 1807 pristinis,
334 1767 437 1806 quas
476 1752 661 1793 breviter
695 1755 736 1793 et
768 1752 975 1807 indigeste
1008 1754 1050 1792 et
1081 1752 1296 1792 incondite
1328 1752 1439 1804 <ex>

89 1811 397 1853 eruditionibus
418 1811 757 1865 lectionibusque
777 1812 904 1852 variis
918 1812 1164 1852 feceramus.
1211 1809 1293 1851 Sed
1307 1825 1439 1864 quon-
1455 1824 1476 1853 4

90 1872 173 1911 iam
211 1871 457 1925 longinquis
493 1885 569 1924 per
606 1870 790 1911 hiemem
827 1869 1025 1910 noctibus
1064 1870 1109 1910 in
1147 1884 1267 1925 agro,
1313 1871 1442 1911 sicuti

36 1946 70 1971 20
90 1930 195 1983 dixi,
239 1932 373 1970 terrae
416 1928 585 1970 Atticae
631 1930 1008 1970 commentationes
1046 1929 1173 1970 hasce
1210 1929 1355 1970 ludere
1394 1943 1443 1970 ac

90 1989 227 2029 facere
257 1989 395 2029 exorsi
422 2003 579 2041 sumus,
611 1988 767 2029 idcirco
795 2003 863 2028 eas
890 1988 1184 2042 inscripsimus
1210 1989 1440 2029 noctium

187 2109 206 2138 5
222 2116 300 2148 sqq.
322 2104 433 2139 Macr.
455 2104 471 2137 l
495 2104 610 2148 praef.
632 2108 651 2137 2
668 2116 720 2147 sq.
844 2106 885 2138 18
901 2116 979 2147 sqq.
1000 2104 1093 2138 Plin.
1116 2104 1231 2148 praef.
1255 2108 1298 2138 23
1314 2116 1392 2148 sqq.

93 2156 135 2185 21
163 2151 259 2186 GLK
276 2151 310 2185 Π
337 2155 415 2193 355,
444 2155 485 2186 19
515 2152 601 2186 ‘nox
627 2151 740 2185 etiam
768 2162 789 2185 a
815 2153 921 2185 nocte
948 2152 1123 2194 noctium,
1149 2152 1248 2186 unde
1272 2151 1440 2196 Agellius

92 2199 257 2233 noctium
285 2198 485 2232 atticarum
510 2198 712 2243 inscripsit’

191 2310 210 2339 2
237 2308 393 2349 pei-atae
419 2308 448 2338 R
467 2306 478 2349 Η
500 2308 540 2338 17
568 2315 612 2338 ex
638 2305 722 2339 aad.
746 2304 808 2339 Gr.
830 2306 840 2348 ΙΙ
862 2308 904 2339 18
933 2305 1186 2340 auditionibus
1216 2305 1279 2340 Gr.

165 2370 309 2396 Gssnmvs
331 2371 375 2396 ed.
396 2371 541 2396 Hosius
1214 2369 1231 2398 1
