1617 2484
662 86 689 119 Χ
722 91 780 122 15:
810 92 850 121 16
1339 88 1421 127 357

88 194 199 235 felici
231 194 366 247 habet,
399 197 440 235 et
466 195 577 247 quod
606 196 750 248 scalas,
781 195 918 247 <nisi>
947 209 1052 248 quae
1079 193 1259 236 Graecae
1287 197 1482 250 appel-*29

88 254 245 306 lantur,
289 253 508 295 escendere
552 254 588 294 ei
634 255 728 307 plus
770 255 904 295 tribus
943 255 1142 309 gradibus
1179 255 1423 309 religiosum

88 315 151 353 est
182 314 308 365 atque
340 313 479 366 etiam,
511 327 603 353 cum
639 314 672 353 it
703 314 753 353 ad
782 312 955 367 Argeos,
988 314 1099 366 quod
1131 328 1266 367 neque
1296 315 1426 355 comit
1440 325 1483 354 30

88 374 214 424 caput
244 386 380 425 neque
412 372 611 425 capillum
646 372 839 425 depectit.

53 446 67 471 5
176 429 317 471 Verba
350 431 553 484 praetoris
587 446 641 471 ex
676 431 840 471 edicto
868 434 1110 484 perpetuo
1138 432 1193 471 de
1218 432 1482 472 flaminem

87 488 225 530 Diali
271 493 317 530 et
361 489 416 530 de
461 490 722 531 sacerdote
767 489 950 530 Vestae
994 490 1195 543 adscripsi
1230 491 1358 538 (FJR
1382 505 1425 543 y).

88 549 207 601 197):
241 546 561 589 Sacerdotem
590 547 843 590 Vestalem
876 551 922 589 et
947 550 1202 590 flaminem
1230 549 1424 590 Dialem

88 607 138 647 in
183 608 313 647 omni
360 622 463 648 mea
506 608 864 648 iurisdictione
903 609 1069 648 iurare
1107 623 1203 648 non
1242 623 1424 663 cogam.

88 665 230 706 Verba
258 666 312 706 M.
340 666 583 706 Varronis
616 680 665 707 ex
699 667 915 708 secundo
949 682 1109 707 rerum
1144 668 1421 708 divinarum
1441 679 1483 709 32

36 742 68 766 10
89 739 214 778 super
245 725 414 766 flamine
445 724 559 765 Diali
592 726 695 766 haec
727 729 825 767 sunt
856 728 926 779 (fr.
947 730 973 765 4
997 741 1036 778 p.
1061 726 1225 767 (j'XJII
1241 726 1341 779 MJ:
1380 726 1425 766 Is

88 785 247 824 solum
274 784 440 825 album
466 784 618 825 habet
643 785 885 839 galerum,
906 786 981 825 vel
1009 786 1138 838 quod
1166 786 1425 838 maximus,

87 843 165 883 vel
216 843 345 896 quod
389 842 495 883 Iovi
546 844 806 884 immolata
850 844 1018 885 hostia
1062 844 1174 885 alba
1218 845 1265 884 id
1308 845 1425 885 fieri

89 905 331 955 oporteat.

707 984 808 1026 XVI

36 1074 68 1098 15
90 1063 186 1105 Quos
220 1075 357 1098 errores
388 1065 502 1098 Iulius
536 1065 703 1110 Hyginus
736 1066 773 1099 in
807 1067 907 1099 sexto
936 1065 1092 1109 Vergilii
1126 1066 1427 1100 animadverterit

136 1112 174 1145 in
200 1111 366 1146 Romana
392 1112 546 1146 historia
572 1114 721 1147 erratos.

178 1195 464 1249 Reprehendit
490 1196 720 1251 Hyginus
747 1198 817 1250 (fr.
838 1201 863 1237 4
880 1212 922 1252 p.
942 1199 998 1238 25
1017 1198 1116 1245 Bu..)
1141 1197 1425 1252 Vergilium
1465 1209 1482 1239 1

89 1258 458 1308 correcturumque
497 1270 591 1296 eum
630 1256 759 1297 fuisse
798 1257 1026 1311 existimat,
1065 1256 1178 1310 quod
1214 1257 1256 1297 in
1293 1257 1425 1297 libro

90 1316 230 1354 sexto
270 1315 322 1366 (Γ.
354 1317 454 1367 30¹5)
494 1315 695 1368 scriptum
736 1318 808 1356 est.
870 1315 1093 1356 Palinurus
1133 1319 1195 1356 est
1232 1318 1334 1369 aput
1366 1316 1425 1355 in·
1464 1327 1482 1357 2

36 1389 69 1414 20
88 1372 199 1413 feros
238 1376 384 1426 petens
422 1374 473 1414 ab
507 1373 666 1427 Aenea,
704 1377 751 1415 ut
789 1389 909 1414 suum
946 1389 1097 1428 corpus
1128 1374 1425 1427 requirendum

89 1434 130 1472 et
163 1432 446 1485 sepeliendum
482 1436 608 1473 curet.
670 1432 710 1473 Is
742 1432 823 1474 hoc
855 1433 971 1473 dicit:

149 1514 284 1567 eripe
334 1529 406 1555 me
456 1515 551 1568 his,
600 1515 808 1568 invicte,
857 1516 1020 1568 malis,
1070 1519 1153 1556 aut
1202 1519 1254 1556 tu
1304 1515 1426 1555 mihi

862 1578 1045 1615 terram

148 1631 298 1684 inice,
334 1646 544 1684 namque
583 1636 744 1686 potes,
783 1636 1060 1687 portusque
1098 1633 1298 1686 require
1335 1632 1426 1674 Ve-

36 1706 69 1732 25
862 1693 1006 1732 linos.

91 1770 194 1821 Quo
233 1773 372 1825 inquit
409 1774 552 1814 modo
590 1777 674 1814 aut
712 1773 982 1814 Palinurus
1020 1775 1221 1815 novisse
1260 1777 1307 1814 et
1343 1788 1427 1814 no-
1465 1785 1484 1815 3

186 1891 203 1920 1
233 1887 327 1921 Serv.
350 1888 397 1932 pl.
418 1889 459 1922 A.
481 1888 531 1922 IV
551 1893 617 1923 646
766 1893 785 1923 3
812 1890 906 1924 Plut.
929 1890 950 1924 1,
973 1890 994 1923 l.
1018 1893 1061 1923 86
1089 1889 1150 1923 Ov.
1173 1889 1195 1923 f.
1217 1890 1266 1923 HI
1287 1893 1351 1923 397
1378 1889 1428 1923 VI

91 1939 158 1968 226
179 1946 255 1978 sqq.
403 1939 443 1968 11
478 1935 578 1970 Paul.
606 1948 640 1980 p.
671 1940 724 1977 10,
753 1940 794 1970 12
828 1937 923 1971 Serv.
951 1937 1000 1981 pl.
1027 1937 1068 1970 A.
1093 1937 1126 1970 Π
1147 1940 1213 1971 683
1239 1937 1323 1971 Isid.
1345 1936 1428 1970 XIX

91 1985 146 2024 30,
168 1986 187 2015 5
333 1985 374 2015 17
390 1994 467 2026 sqq.
497 1983 593 2017 Serv.
615 1985 655 2017 A.
677 1984 726 2017 VI
747 1988 813 2018 359
841 1983 935 2018 GLK
954 1984 969 2018 Ι
990 1988 1069 2026 443,
1091 1988 1133 2018 29

186 2091 203 2121 1
231 2086 347 2133 felici]
375 2087 480 2121 silica
506 2100 526 2122 6
561 2091 564 2132 Ι
598 2089 669 2122 nisi
699 2089 781 2123 add.
810 2090 969 2135 Scaliyer
1003 2091 1006 2135 Ι
1043 2089 1254 2134 appellatur
1280 2090 1427 2123 0N¹XZ

90 2145 186 2178 quae
217 2145 348 2179 graece
380 2133 550 2178 κλίμακες
575 2135 811 2180 appellantur
836 2138 949 2181 (-atur
975 2137 1030 2181 03)
1055 2136 1155 2170 ΝΞΟ3
1185 2139 1196 2181 Η
1228 2141 1246 2170 2
1281 2148 1428 2172 caecen-

91 2181 176 2215 dere
195 2185 226 2214 X
253 2192 314 2215 eas
341 2182 536 2216 escendere
562 2184 646 2226 (asc.
670 2183 759 2227 ΨΒ)
781 2197 808 2217 ω
833 2188 946 2218 εἶεῇ.
975 2184 1150 2219 scandere
1171 2186 1217 2218 11
1231 2186 1243 2228 Η
1264 2188 1282 2217 7
1310 2194 1429 2218 sacer-

91 2228 254 2263 dotalem
275 2231 301 2266 Q,
319 2230 330 2272 Η
351 2232 370 2262 8
397 2230 507 2273 cogat
525 2233 555 2262 N
573 2231 584 2274 Η
606 2234 646 2263 11
675 2230 773 2264 solus
795 2242 814 2264 6
833 2233 843 2275 ΙΙ
864 2235 906 2265 12
933 2231 1037 2278 (de)
1062 2231 1138 2265 Iovi
1159 2232 1253 2266 Boot
1276 2232 1280 2276 Ι
1303 2231 1427 2265 albato

90 2275 170 2309 fieri
199 2287 224 2320 γ
260 2275 299 2308 id
330 2276 395 2309 del.
425 2276 552 2310 Carrio
583 2278 594 2321 Η
627 2280 668 2310 15
702 2277 967 2312 animaduertit
997 2282 1019 2311 Z
1050 2280 1062 2322 ΙΙ
1094 2282 1136 2312 17
1169 2278 1430 2322 Reprehendet

90 2322 198 2356 ΒΖΟ1
217 2324 229 2366 ΙΙ
250 2325 291 2356 18
318 2322 448 2357 fuisset
467 2326 522 2356 ΒΖ
543 2325 553 2367 Η
574 2327 616 2358 22
643 2324 799 2359 flammis
819 2326 866 2358 N¹
886 2327 896 2369 ΙΙ
917 2329 960 2359 24
986 2327 1110 2369 potest
1128 2327 1235 2359 ΒΖΟ1
