1617 2484
84 719 114 743 10

79 1048 113 1072 15

81 1340 115 1364 20

80 1925 118 1950 30

748 64 795 98 111
827 67 866 97 16
1398 63 1473 103 ΙΤΙ

133 174 340 228 recepisse
371 172 663 214 huiuscemodi
696 173 815 226 quasi
849 175 1136 212 monstruosas
1169 170 1375 221 raritates,
1408 171 1478 210 sed

134 248 246 274 nono
285 247 428 273 mense
462 234 536 273 aut
568 232 730 272 decimo
769 245 904 283 neque
943 234 1108 284 praeter
1145 229 1222 270 hos
1261 228 1354 269 aliis
1388 243 1478 281 par-

133 292 293 333 tionem
337 291 526 332 mulieris
571 289 799 331 secundum
840 292 1033 329 naturam
1072 289 1162 329 fieri
1203 287 1478 338 existimasse,

135 350 376 403 idcircoque
414 364 484 390 eos
523 349 695 389 nomina
726 347 842 388 Fatis
874 348 1009 388 tribus
1041 348 1189 389 fecisse
1221 362 1245 387 a
1277 346 1477 399 pariendo

134 411 176 449 et
206 425 230 449 a
262 423 374 449 nono
407 411 533 461 atque
566 408 729 448 decimo
763 421 917 447 mense.
974 405 1098 447 Nam
1127 405 1310 447 ‘Parca’
1340 405 1478 458 inquit
1494 415 1536 445 10

134 468 383 508 inmutata
426 481 522 507 una
565 466 742 507 littera
785 481 809 506 a
853 468 1000 518 partu
1040 465 1316 517 nominata,
1358 463 1476 504 item

136 525 307 568 ‘Nona'
336 528 383 567 et
408 525 639 566 ‘Decima’
669 540 692 565 a
719 527 893 577 partus
920 524 1215 577 tempestivi
1241 526 1477 576 tempore.

135 584 416 626 Caesellius
442 587 583 625 autem
605 582 802 624 Vindex
828 583 872 623 in
897 583 1211 624 lectionibus
1236 583 1322 622 suis
1348 581 1478 622 anti—
1496 593 1535 623 11

135 643 263 697 quis:
295 644 393 683 tria
426 643 565 696 inquit
596 642 799 682 nomina
825 641 1093 682 Parcarum
1126 644 1257 682 sunt:
1293 639 1479 690 ‘Nona’,

136 702 397 754 ‘Decuma’7
448 702 654 753 ‘Mm-ta’,
704 704 745 742 et
795 715 961 741 versum
1012 700 1126 741 hunc
1172 700 1323 751 Livii,
1373 699 1479 739 anti-

135 761 327 814 quissimi
360 763 526 815 poetae,
559 760 680 813 ponit
712 774 762 800 ex
789 757 1058 814 Ὀδυσσείᾳ
1093 760 1162 811 (fr.
1183 762 1239 799 12
1259 757 1347 811 By:

193 837 391 890 quando
437 836 541 877 dies
586 836 840 888 adveniet,
884 850 1026 925 quer?
1072 834 1273 888 profata
1316 833 1479 874 Morta

913 897 1006 934 est.

135 971 217 1013 Sed
254 972 383 1012 homo
417 971 589 1012 minime
622 972 758 1011 malus
792 969 1075 1011 Caesellius
1109 969 1322 1010 ‘Mortam'
1359 968 1479 1021 quasi

134 1045 289 1071 nomen
326 1030 506 1084 accepit,
548 1044 643 1071 cum
682 1029 871 1082 accipere
912 1029 1031 1082 quasi
1068 1028 1258 1069 Moeram
1299 1027 1477 1068 deberet.

223 1088 444 1130 Praeterea
477 1103 555 1143 ego
589 1087 639 1129 de
668 1090 792 1142 partu
818 1088 1017 1140 humano,
1049 1090 1345 1141 praeterquam
1372 1100 1478 1140 quae
1496 1097 1537 1127 12

135 1148 291 1201 scripta
329 1148 373 1188 in
403 1148 524 1188 libris
556 1147 658 1202 legi,
696 1147 777 1187 hoc
810 1160 979 1200 quoque
1010 1160 1090 1186 usu
1122 1145 1286 1186 venisse
1318 1144 1480 1185 Romae

134 1206 338 1260 comperi:
376 1206 578 1247 feminam
615 1205 737 1246 bonis
770 1208 896 1258 atque
929 1205 1117 1245 honestis
1149 1204 1355 1257 moribus,
1394 1217 1480 1243 non

134 1266 334 1320 ambigua
383 1265 606 1319 pudicitia,
656 1265 700 1304 in
742 1264 965 1304 undecimo
1010 1277 1153 1303 mense
1198 1265 1295 1316 post
1338 1262 1479 1302 mariti

135 1326 315 1365 mortem
360 1323 589 1378 peperisse,
632 1323 876 1376 factumque
921 1336 1010 1363 esse
1048 1321 1267 1376 negotium
1307 1323 1481 1374 propter

134 1383 341 1424 rationem
380 1382 601 1436 temporis,
641 1381 761 1435 quasi
799 1381 952 1422 marito
991 1383 1160 1421 mortuo
1199 1382 1346 1433 postea
1384 1393 1480 1420 con—

135 1442 332 1495 cepisset,
389 1441 589 1494 quoniam
640 1440 867 1481 decemviri
918 1439 1043 1492 (XII
1080 1439 1182 1480 tabb.
1228 1438 1254 1478 1
1263 1438 1302 1479 V
1339 1439 1385 1487 4)
1437 1439 1481 1479 in

135 1501 279 1541 decem
328 1500 544 1541 mensibus
591 1499 711 1554 gigni
754 1498 989 1551 hominem,
1039 1512 1126 1538 non
1169 1498 1213 1538 in
1256 1497 1479 1538 undecimo

137 1559 419 1612 scripsissent3
470 1559 542 1599 sed
593 1559 735 1598 divum
780 1557 1091 1598 Hadrianum
1139 1570 1264 1597 causa
1309 1556 1480 1610 cognita

102 1633 112 1640 ’
136 1617 368 1658 decrevisse
393 1618 438 1657 in
462 1617 686 1658 undecimo
710 1631 879 1670 quoque
900 1630 1042 1656 mense
1063 1618 1231 1669 partum
1253 1614 1318 1655 edi
1339 1629 1481 1668 posse3

136 1676 263 1729 idque
305 1677 445 1730 ipsum
490 1676 578 1717 eius
616 1676 677 1716 rei
715 1676 929 1716 decretum
967 1688 1044 1714 nos
1081 1674 1275 1728 legimus.
1343 1671 1393 1713 In
1431 1687 1480 1713 eo

137 1735 304 1775 decreto
336 1734 623 1775 Hadrianus
661 1734 704 1774 id
740 1736 924 1775 statuere
956 1747 1000 1773 se
1033 1733 1135 1774 dicit
1166 1732 1381 1785 requisitis
1414 1747 1480 1773 ve-

136 1795 274 1834 terum
306 1792 661 1847 philosophorum
694 1795 735 1834 et
766 1792 1027 1833 medicorum
1059 1791 1291 1832 sententiis.

226 1851 365 1892 Hodie
400 1865 568 1905 quoque
600 1852 644 1892 in
676 1854 845 1892 satura
877 1851 987 1891 forte
1018 1849 1074 1890 M.
1100 1849 1347 1890 Varronis
1379 1849 1481 1904 legi·
1497 1862 1539 1892 13

138 1925 249 1963 mus,
306 1924 411 1964 quae
460 1911 707 1951 inscribitur
756 1909 1152 1961 Testamentum,
1201 1908 1328 1949 verba
1378 1908 1481 1949 haec

237 2041 253 2070 1
281 2038 398 2072 Amm.
414 2036 514 2070 XXII
530 2040 583 2078 15,
599 2040 643 2070 24
746 2042 765 2070 5
781 2047 857 2080 sqq.
886 2035 1037 2069 Tertull.
1060 2035 1105 2070 de
1126 2046 1182 2069 an.
1199 2039 1241 2069 37
1344 2039 1386 2069 22
1403 2047 1480 2078 sqq.

140 2084 222 2129 Dig.
244 2084 430 2117 XXXVIII
452 2088 505 2125 16,
527 2087 558 2125 3,
580 2087 616 2124 9;
640 2088 680 2117 11

235 2205 255 2235 2
288 2201 380 2235 alios
407 2214 433 2234 ω
459 2211 548 2235 corr.
572 2200 700 2234 Carrio
726 2199 818 2234 alias
846 2211 865 2233 6
883 2202 894 2243 Η
914 2203 935 2233 4
967 2211 1037 2243 que
1064 2211 1130 2235 om.
1150 2204 1180 2233 V
1199 2202 1209 2244 Η
1230 2204 1249 2234 5
1282 2210 1399 2244 parga
1426 2212 1452 2232 ω
1480 2200 1483 2243 ξ

141 2252 161 2282 9
187 2248 325 2294 inquit]
353 2249 431 2282 sine
457 2248 556 2291 quod
582 2249 640 2292 (ne
661 2259 732 2290 quo
753 2248 791 2281 in
812 2250 898 2291 ras.)
918 2250 944 2280 P
963 2249 974 2291 Η
996 2251 1037 2280 10
1064 2249 1144 2281 orta
1163 2248 1220 2281 hic
1241 2261 1267 2280 ω
1287 2249 1298 2290 Η
1321 2250 1362 2280 12
1389 2257 1485 2280 mor-

141 2297 206 2329 tua
224 2299 254 2328 V
273 2298 284 2339 Η
306 2300 347 2329 15
374 2306 509 2328 numen
536 2294 691 2328 Thomas
