1617 2484
718 84 764 117 III
793 87 833 118 16
1369 83 1449 122 173

107 207 213 246 quae
240 207 325 234 non
350 193 402 233 ad
428 192 555 233 finem
583 192 733 245 ipsum,
761 191 832 232 sed
860 191 1050 245 proxime
1076 192 1204 232 finem
1228 205 1450 245 progressa

107 252 336 292 deductave
386 254 513 292 erant.
590 250 684 292 Hoc
732 250 907 291 verbum
951 250 1003 291 ad
1048 251 1155 291 hanc
1199 251 1449 291 sententiam

108 309 281 351 Cicero
314 311 359 350 in
389 310 468 350 hac
498 310 610 362 fecit,
643 324 769 362 quam
797 310 904 350 dixit
936 310 991 350 de
1025 310 1304 363 provinciis
1338 323 1450 350 0011-

108 369 365 410 sularibus
400 368 614 421 (VIIIJJJ
644 368 746 408 XII
761 370 850 417 239).

71 445 86 469 5
195 427 535 481 Hippocrates
568 430 709 468 autem
743 427 786 467 111
819 442 872 467 00
905 427 1057 479 libro,
1090 427 1146 468 de
1179 442 1274 480 quo
1302 441 1509 480 supra=20

108 487 309 540 scripsi,
342 501 438 527 cum
470 489 511 527 et
543 501 764 527 numerum
799 487 979 538 dierum,
1012 486 1166 539 quibus
1199 488 1450 539 conceptum

107 546 151 586 in
182 548 302 586 utero
335 545 561 600 coagulum
595 545 894 598 conformatur,
927 548 968 585 et
1000 547 1169 598 tempus
1196 545 1329 598 ipsius
1360 559 1451 597 par-

108 605 236 645 tionis
262 618 374 645 nono
402 607 473 645 aut
500 604 661 645 decimo
689 618 831 644 mense
855 603 1070 645 definisset
1090 618 1227 657 neque
1248 603 1289 644 id
1309 606 1452 644 tamen

107 677 273 717 semper
310 664 453 704 eadem
493 677 581 704 esse
619 664 695 703 fini
730 662 921 715 dixisset,
960 663 1032 703 sed
1065 662 1167 703 alias
1201 663 1316 703 ocius
1349 663 1451 713 fieri,

57 741 89 765 ιο
108 721 211 762 01100
243 722 387 774 serius,
418 722 533 763 111000
565 723 616 762 ad
649 724 911 775 postremum
943 721 1082 762 verbis
1115 736 1215 762 usus
1248 725 1328 762 est:
1366 723 1452 762 Γί-

108 795 250 821 νεται
289 778 342 822 δὲ
381 780 434 821 ἐν
472 781 679 829 τούτοις
716 781 797 821 καὶ
836 781 992 821 πλείω
1032 779 1113 820 καὶ
1147 780 1341 821 ἐλάσσω
1374 779 1450 821 καὶ

109 840 232 881 ὅλον
267 838 350 881 καὶ
388 840 512 880 κατὰ
549 839 719 894 μέρος·
760 839 816 880 οὐ
855 839 1050 880 πολλὸν
1089 836 1144 879 δὲ
1179 838 1262 880 καὶ
1295 841 1450 880 πλείω

107 899 263 940 πλείω
302 899 384 939 καὶ
423 897 617 939 ἐλάσσω
654 898 863 939 ἐλάσσω.
926 897 1088 947 Quibus
1120 898 1259 938 verbis
1292 898 1452 952 signifi-

108 959 187 1022 cat,
219 958 332 1011 quod
358 957 584 1010 aliquando
613 957 730 998 ocius
757 957 888 1011 fier,et
917 971 1003 997 11011
1029 957 1164 998 multo
1193 932 1356 997 tamenU
1360 957 1451 998 fieri

56 1034 88 1059 1.)
109 1016 244 1069 ocius,
275 1030 411 1069 neque
445 1017 558 1069 quod
590 1017 740 1070 serius,
773 1016 908 1057 multo
941 1016 1086 1057 serius.

196 1074 371 1116 Memini·
414 1089 492 1130 ego
530 1074 691 1115 Romae
735 1077 929 1116 acculate
974 1074 1055 1116 hoc
1098 1077 1225 1128 atque
1270 1074 1451 1116 sollicite
1466 1090 1505 1119 -21

107 1133 347 1187 quaesitum
378 1134 550 1189 negotio
584 1148 670 1174 non
700 1134 761 1174 rei
792 1136 894 1175 tunc
925 1148 1078 1187 parvae
1109 1134 1365 1187 postulante,
1398 1148 1452 1174 an

107 1194 257 1234 octavo
296 1207 438 1233 mense
476 1193 614 1233 infans
653 1206 704 1233 ex
741 1195 861 1233 utero
900 1193 1021 1233 vivus
1059 1192 1196 1233 editus
1235 1195 1276 1233 et
1308 1193 1451 1233 statim

108 1254 300 1292 mortuus
331 1252 396 1292 ius
421 1251 551 1292 trium
580 1252 811 1292 liberorum
839 1251 1130 1305 supplevisset,
1164 1265 1258 1292 cum
1286 1251 1450 1292 abortio

53 1328 87 1352 20
107 1310 373 1363 quibusdam,
404 1325 491 1351 non
521 1313 680 1364 partus,
711 1311 924 1351 videretur
955 1310 1111 1351 mensis
1138 1310 1277 1351 octavi
1303 1310 1452 1351 intem-

106 1369 337 1422 pestivitas.

197 1426 280 1468 Sed
324 1428 524 1482 quoniam
568 1429 617 1470 de
656 1427 924 1469 Homerico
969 1442 1109 1468 annuo
1154 1430 1283 1481 partu,
1316 1442 1363 1469 ac
1402 1428 1451 1468 de
1467 1441 1509 1471 22

107 1486 331 1528 undecimo
370 1501 512 1528 mense
545 1488 745 1541 diximus,
785 1502 892 1540 quae
924 1500 1276 1542 cognoveramus,
1314 1487 1451 1527 visum

108 1548 172 1586 est
196 1560 284 1586 non
302 1546 666 1600 praetereundum,
693 1547 806 1599 quod
832 1547 876 1586 in
895 1545 1053 1586 Plinii
1075 1544 1291 1587 Secundi
1317 1545 1450 1586 libro

54 1621 88 1646 25
109 1604 325 1657 septimo
369 1605 619 1646 naturalis
663 1605 911 1646 historiae
955 1604 1147 1659 legimus.
1217 1603 1266 1645 Id
1310 1607 1451 1645 autem
1466 1618 1509 1648 23

109 1663 208 1716 quia
234 1666 351 1704 extra
376 1663 504 1705 fidem
530 1678 620 1705 esse
646 1664 780 1705 videri
804 1666 956 1718 potest,
983 1663 1111 1704 verba
1137 1663 1269 1717 ipsius
1292 1663 1452 1703 Plinii

109 1721 231 1773 (VH
245 1724 281 1775 5,
301 1722 375 1775 40)
408 1723 644 1775 posuimus:
678 1722 929 1763 Masurius
963 1722 1032 1775 (fr.
1052 1725 1111 1763 24
1132 1722 1188 1762 H.
1214 1735 1376 1763 memor.
1395 1724 1452 1763 21

108 1781 188 1821 iar.
208 1781 279 1821 civ.
299 1784 353 1822 31
373 1780 466 1834 Br.)
494 1784 670 1822 auctor
701 1784 776 1822 est
804 1780 850 1821 L.
876 1780 1134 1834 Papirium
1167 1783 1451 1834 praetorem

110 1839 327 1880 secundo
354 1839 534 1881 herede
560 1839 670 1894 lege
696 1842 875 1894 agente
902 1839 1146 1880 bonorum
1170 1840 1452 1892 possessio-

55 1914 90 1940 30
110 1912 217 1938 nem
263 1900 439 1938 contra
482 1913 590 1939 eum
635 1898 849 1951 dedisse,
901 1912 1007 1938 cum
1052 1900 1209 1939 mater
1252 1901 1451 1951 partum

110 1970 160 1997 se
195 1956 435 1997 tredecim
467 1956 723 1998 mensibus
756 1957 937 1997 tulisse
970 1956 1177 2010 diceret,
1216 1958 1451 2010 quoniam

109 2014 306 2056 nullum
356 2018 546 2056 certum
596 2018 792 2069 tempus
839 2015 1071 2069 pariendi
1115 2018 1363 2056 statutum
1408 2016 1452 2056 ei

208 2135 225 2164 1
241 2131 399 2174 proximi
413 2130 561 2165 effinem
573 2134 602 2163 V
615 2130 804 2174 proximye
819 2132 898 2174 (pro
914 2131 953 2164 in
968 2142 1036 2165 ras.
1052 2133 1094 2175 Β)
1109 2131 1218 2166 finem
1232 2135 1294 2164 PR
1307 2142 1395 2165 corr.
1410 2142 1430 2168 ς
1442 2144 1451 2175 ,1

111 2180 132 2210 3
164 2177 234 2211 hoc
260 2191 286 2211 ω
319 2178 484 2212 oratione
511 2189 531 2211 6
552 2181 556 2219 Ι
579 2177 652 2211 fuit
676 2181 741 2210 RV
771 2180 782 2221 ΙΙ
815 2181 833 2210 6
866 2189 1017 2212 numero
1042 2182 1104 2211 PV
1135 2180 1146 2222 Η
1179 2182 1197 2212 9
1231 2178 1305 2212 0110
1337 2178 1450 2212 cicius

111 2226 166 2266 (so
180 2226 238 2267 ss.)
252 2227 281 2257 R
300 2226 311 2269 Η
333 2228 375 2258 10
390 2225 504 2259 0011110
518 2228 580 2257 PV
599 2227 609 2268 Η
631 2229 672 2258 11
690 2225 948 2259 ΕΝΤΟΥΕΟΥ
961 2228 991 2258 V
1009 2226 1020 2269 ΙΙ
1042 2229 1084 2258 12
1099 2225 1452 2268 ΟΙΠΟΜΟΝΔΕἾΗ

115 2274 156 2304 15
190 2271 314 2315 sepius
339 2283 385 2305 m.
413 2272 537 2315 sepius
558 2285 584 2304 ω
610 2282 699 2305 corr.
722 2283 742 2308 ς
767 2274 777 2314 1]
804 2275 847 2305 ‘22
873 2271 1022 2305 Homeri
1042 2275 1071 2304 R
1095 2274 1106 2315 Η
1133 2275 1174 2305 ‘27
1202 2272 1373 2306 masii-ius
1393 2274 1422 2303 R
1441 2273 1451 2315 Η

111 2320 156 2350 32
184 2318 322 2351 statum
340 2322 401 2351 Pv
424 2319 428 2363 Ι
452 2319 485 2352 01
511 2330 576 2353 om.
598 2319 696 2352 Plin.
