1611 2474
163 58 249 99 350
781 61 812 94 X
840 66 879 95 11

128 177 147 207 3
250 166 364 207 Bene
413 171 539 220 atque
588 169 757 221 proprie
799 168 843 209 P.
887 168 1136 223 Nigidius.
1209 169 1321 211 Nam
1371 173 1412 211 et
1453 171 1499 211 in

160 225 354 280 frugibus
393 229 434 266 et
470 227 513 266 in
551 227 688 279 pomis
729 228 921 268 ‘matura'
962 229 1174 281 dicuntur,
1219 243 1325 282 quae
1361 244 1497 282 neque

161 285 288 325 cruda
332 287 373 325 et
410 285 575 325 inmitia
614 288 711 326 sunt
747 300 883 339 neque
922 287 1076 328 caduca
1115 290 1155 328 et
1193 288 1381 341 decocta,
1426 288 1496 328 sed

125 346 349 396 4tempore
382 357 456 383 suo
490 343 631 384 adulta
663 347 965 399 maturataque.
1029 345 1237 394 Quoniam
1269 349 1410 387 autem
1441 347 1496 400 id,

160 402 272 454 quod
304 416 390 442 non
422 403 606 456 segniter
632 403 773 457 fiebat,
807 404 998 445 ‘mature’
1026 405 1116 445 fieri
1144 405 1369 458 dicebatur,
1401 420 1495 458 pro—
1532 425 1548 450 5

159 474 301 514 gressa
344 461 575 513 plurimum
613 462 730 502 verbi
769 462 1076 516 significatione
1114 478 1200 504 non
1236 465 1340 517 iamj
1383 465 1495 517 quod

158 534 244 559 non
277 520 459 573 segnius,
491 520 563 560 sed
590 521 703 573 quod
727 521 996 562 festinantius
1023 523 1083 576 fit,
1114 523 1157 562 id
1182 523 1274 563 fieri
1301 523 1492 563 ‘mature'

158 579 328 631 dicitur,
360 579 527 631 quando
561 594 625 632 ea,
658 594 764 633 quae
796 583 960 633 praeter
992 582 1057 621 sui
1088 582 1291 634 temporis
1322 582 1494 622 modum

157 640 381 691 properata
413 641 530 691 sunt,
566 638 806 679 ‘inmatura’
840 639 978 680 verius
1011 641 1212 681 dicantur.

122 708 141 737 5
244 694 355 736 Illud
392 710 491 737 vero
522 696 852 751 Nigidianum
890 699 949 739 rei
984 701 1111 751 atque
1142 698 1260 739 verbi
1291 701 1494 752 tempera-
1515 719 1548 743 10

156 757 345 795 mentum
385 755 504 796 divos
539 755 799 811 Augustus
838 757 999 797 duobus
1033 757 1201 798 Graecis
1239 757 1376 798 verbis
1415 757 1493 798 ele-

156 814 403 868 gantissime
439 815 709 867 exprimebat.
770 814 881 856 Nam
914 819 955 857 et
987 817 1122 857 dicere
1154 817 1198 856 in
1229 816 1493 857 sermonibus

156 875 197 913 et
234 872 415 913 scribere
453 873 498 913 in
535 873 774 927 epistulis
808 874 979 915 solitum
1013 890 1101 916 esse
1134 876 1269 915 aiunt:
1305 876 1493 915 σπεῦδε

153 931 401 985 βραδέως,
445 947 520 985 per
564 933 676 985 quod
720 933 936 986 monebat,
979 937 1028 974 ut
1070 934 1122 974 ad
1162 949 1249 974 rem
1288 934 1492 988 agendam

155 991 281 1031 simul
318 991 587 1032 adhiberetur
618 994 660 1031 et
690 991 921 1033 industriae
953 993 1143 1033 celeritas
1176 995 1218 1033 et
1249 993 1492 1047 diligentiae
1513 1011 1545 1036 15

153 1050 348 1102 tarditas,
398 1064 448 1090 ex
498 1050 650 1103 quibus
698 1050 862 1091 duobus
906 1052 1126 1092 contrariis
1169 1052 1218 1092 fit
1260 1051 1492 1092 maturitas,

120 1107 415 1163 &Vergilius
448 1123 628 1162 quoque,
661 1109 695 1149 si
727 1110 820 1162 quis
848 1111 1034 1151 animum
1061 1111 1271 1163 adtendat,
1303 1110 1384 1151 duo
1411 1110 1493 1150 ista

154 1167 279 1207 verba
324 1167 579 1221 ‘properare'
619 1171 661 1208 et
700 1168 939 1209 ‘maturare'
980 1171 1195 1223 tamquam
1234 1170 1358 1223 plane
1396 1183 1491 1210 con—

154 1227 281 1266 traria
314 1227 537 1267 scitissime
570 1227 779 1280 separavit
810 1228 855 1268 in
885 1228 1000 1268 hisce
1028 1228 1218 1269 versibus
1246 1228 1297 1281 (9.
1325 1228 1489 1281 1259):

211 1309 431 1363 frigidus
463 1310 739 1363 agricolam
774 1310 813 1350 si
840 1310 1035 1363 quando
1063 1310 1291 1350 continet
1316 1309 1489 1363 imber,
1510 1329 1543 1353 20

212 1369 386 1420 multa,
434 1368 604 1409 forent
654 1383 777 1421 quae
828 1383 937 1409 mox
988 1370 1125 1410 caelo
1175 1369 1489 1423 properanda

320 1431 323 1434 ’
927 1442 1120 1480 sereno,

210 1488 462 1526 maturare
495 1486 650 1526 datur.

119 1567 477 1622 7Elegantissime
509 1568 591 1608 duo
624 1568 750 1608 verba
781 1568 861 1609 ista
893 1569 1054 1621 divisit3
1084 1582 1265 1621 namque
1296 1569 1340 1608 in
1372 1583 1487 1621 prae-

151 1629 300 1679 paratu
338 1627 398 1666 rei
435 1627 614 1667 rusticae
652 1641 726 1680 per
762 1629 1034 1680 tempestates
1066 1626 1249 1680 pluvias,
1288 1627 1486 1680 quoniam
1507 1645 1539 1671 25

152 1686 285 1726 otium
330 1688 410 1738 est,
462 1686 693 1726 ‘maturari’
738 1688 896 1739 potest,
941 1701 1016 1739 per
1059 1700 1243 1738 serenas,
1287 1687 1486 1739 quoniam

150 1747 316 1797 tempus
348 1745 496 1797 instat7
530 1745 774 1797 ‘properari'
807 1758 1024 1785 necessum
1058 1747 1130 1785 est.

115 1815 134 1845 8
240 1802 345 1843 Cum
372 1804 695 1857 significandum
722 1806 862 1844 autem
890 1806 964 1856 est,
990 1803 1175 1844 coactius
1202 1803 1302 1856 quid
1327 1803 1486 1844 factum

150 1864 191 1901 et
234 1862 521 1914 festinantius,
567 1865 657 1902 tum
701 1863 855 1903 rectius
902 1862 1195 1915 ‘praemature'
1240 1861 1399 1902 factum
1443 1862 1485 1902 id

246 1992 287 2022 13
316 1989 412 2023 Suet.
434 1989 526 2034 Aug.
551 1992 592 2022 25

244 2109 262 2138 3
284 2107 321 2139 et
339 2106 494 2140 nimium
515 2107 618 2140 cocta
640 2118 664 2139 s.
680 2107 705 2140 t.
723 2118 747 2140 s.
763 2108 966 2150 temperate
982 2105 1110 2140 adulta
1129 2107 1228 2150 (mat.
1245 2106 1324 2149 om.)
1340 2106 1457 2139 Macr.
1472 2105 1483 2151 Η

150 2156 169 2186 6
196 2152 481 2198 significatione]
509 2157 535 2191 Q
561 2154 653 2187 -atio
681 2155 753 2187 stet
779 2155 829 2197 (et
848 2154 902 2198 ΖΞ)
923 2157 979 2186 ΒΖ
1005 2153 1097 2187 —atio
1125 2155 1180 2187 est
1206 2154 1242 2186 et
1260 2165 1284 2197 γ
1303 2154 1314 2196 ΙΙ
1335 2155 1352 2185 7
1379 2151 1482 2186 festi-

148 2200 272 2233 natius
305 2200 457 2237 Q¹NOX
488 2202 498 2244 Η
530 2204 548 2232 9
587 2201 775 2244 properati
807 2204 832 2233 B
870 2201 1092 2244 praeparata
1124 2203 1151 2237 Q,
1181 2202 1192 2244 Η
1224 2203 1266 2233 15
1297 2199 1482 2233 industria

149 2258 189 2280 ce
198 2247 286 2292 ssssss
296 2246 454 2280 leritatis
474 2251 505 2279 X
524 2249 535 2291 Η
555 2251 598 2280 20
625 2247 806 2291 agricolas
828 2249 946 2282 Macr.
967 2250 978 2291 Η
999 2251 1041 2281 25
1068 2247 1214 2290 quando
1237 2245 1279 2280 02
1298 2257 1409 2290 quom
1428 2247 1482 2291 (ut

147 2295 293 2337 semper)
319 2297 349 2326 N
374 2295 385 2338 Η
411 2298 452 2328 26
480 2305 522 2328 ex
549 2295 769 2328 necessitate
795 2295 911 2329 otium
939 2295 1056 2329 Macr.
1083 2295 1094 2338 ΙΙ
1120 2298 1162 2328 29
1188 2293 1400 2328 festinatius
1425 2296 1479 2338 yz
