1591 2474
146 71 203 112 30
541 69 775 104 CAPITVLA
802 70 886 104 LIB.
913 69 1006 103 XIV.
1034 69 1099 103 XV

228 177 268 219 II
303 177 436 227 Quem
470 178 513 218 in
539 177 711 218 motlum
739 177 981 217 disseruerit
1005 175 1237 216 Favorinus
1264 175 1484 216 consultus

140 253 164 278 a
195 252 262 278 me
293 251 419 290 super
451 236 592 276 officio
625 236 784 275 iudicis.

227 294 289 336 ΙΠ
325 294 411 344 ΑΒἱ
438 294 592 335 aemuli
629 293 860 346 offensique
893 294 1002 334 inter
1034 307 1123 333 sese
1154 293 1313 333 fuerint
1343 291 1481 332 Xeno-

140 355 257 408 phon
289 356 330 394 et
361 353 495 393 Plato.

226 411 287 452 IV
337 411 458 460 Quod
501 413 598 464 apte
636 408 896 463 Chrysippus
935 412 976 450 et
1014 408 1212 463 graphice
1250 408 1478 462 imaginem

140 470 332 511 Iustitiae
364 470 545 509 modulis
578 469 875 520 coloribusque
907 468 1130 508 verborum
1164 467 1365 520 depinxit.

229 528 268 569 V
311 528 382 568 Lis
422 530 547 580 atque
579 527 793 568 contentio
827 527 1197 581 grammaticorum
1230 524 1389 565 Romae
1421 525 1482 565 in-

140 587 337 628 lustrium
378 588 569 626 enarrata
604 599 729 639 super
761 599 857 625 casu
890 585 1082 625 vocativo
1115 583 1328 637 vocabuli,
1366 583 1481 636 quod

142 649 205 686 est
238 644 474 699 ‘egregius'.

229 702 289 743 VI
322 702 515 743 Cuimodi
537 702 632 753 sint,
652 716 759 754 quae
779 701 959 755 speciem
981 701 1265 741 doctrinarum
1286 700 1482 753 habeant,

142 762 213 803 sed
249 776 386 814 neque
425 761 632 802 delectent
669 774 805 813 neque
842 760 965 800 utilia
997 760 1098 813 sint3
1137 761 1262 812 atque
1294 759 1399 799 inibi
1432 758 1482 798 de

141 820 356 861 vocabulis
401 820 663 874 singularum
700 818 867 858 urbium
906 818 1209 872 regionumque
1249 817 1482 857 inmutatis.

228 877 309 919 VII
354 877 474 926 Quod
506 877 559 917 M.
582 877 716 918 Varro
750 875 821 917 Cn.
848 876 1069 930 Pompeio,
1102 876 1265 916 consuli
1297 875 1480 929 primum

142 937 378 991 designato,
417 936 763 976 commentarium
803 936 933 987 dedit,
972 949 1096 987 quem
1129 934 1359 988 appellavit
1390 934 1480 987 ipse

142 997 440 1048 εἰσαγωγικόν,
473 995 523 1035 de
556 995 697 1035 officio
731 997 899 1034 senatus
932 993 1124 1033 habendi.

229 1052 331 1093 VIII
376 1052 621 1101 Quaesitum
660 1067 749 1093 esse
788 1052 1123 1104 dissensumque,
1160 1065 1214 1091 an
1245 1050 1483 1104 praefectus

141 1111 387 1152 Latinarum
426 1126 551 1152 causa
588 1113 750 1152 creatus
789 1111 853 1150 ius
893 1112 1061 1151 senatus
1098 1109 1353 1150 convocandi
1387 1121 1483 1149 con-

143 1170 391 1223 sulendique
422 1170 586 1210 habeat.

294 1312 607 1358 CAPITVLA
649 1312 817 1356 LIBRI
855 1310 1074 1364 QVINTI
1112 1308 1334 1355 DECIMI

230 1403 249 1443 I
293 1403 413 1452 Quod
451 1404 494 1443 in
534 1403 679 1451 Quinti
715 1401 879 1442 Claudii
917 1401 1138 1441 annalibus
1178 1401 1380 1454 scriptum
1419 1402 1488 1440 est>

142 1463 306 1517 lignum
339 1462 523 1502 alumine
555 1462 735 1502 oblitum
767 1474 852 1500 non
885 1460 1039 1500 ardere.

230 1520 270 1560 II
302 1520 424 1568 Quod
449 1520 571 1560 Plato
601 1521 645 1560 in
669 1519 801 1572 libris,
834 1532 939 1571 quos
967 1518 1016 1558 de
1041 1517 1206 1572 legibus
1234 1516 1484 1570 composuit,

142 1580 345 1634 largiores
383 1579 662 1631 laetioresque
700 1578 743 1618 in
781 1576 983 1617 conviviis
1019 1576 1363 1616 invitatiunculas
1395 1574 1482 1615 vini

144 1652 228 1678 non
262 1638 431 1677 inutiles
465 1651 554 1677 esse
586 1636 852 1677 existimavit.

231 1695 293 1736 III
331 1695 439 1743 Quid
465 1695 518 1735 M.
547 1694 690 1735 Cicero
724 1695 773 1734 de
805 1693 1010 1747 particula
1042 1693 1122 1733 ista
1154 1692 1330 1732 senserit
1355 1691 1482 1743 scrip-

144 1754 339 1807 seritque,
365 1768 472 1806 quae
497 1754 737 1807 praeposita
759 1756 822 1793 est
842 1752 979 1792 verbis
1001 1750 1206 1805 ‘aufugio’
1227 1752 1268 1790 et
1288 1748 1484 1801 ‘aufero'3

144 1816 186 1852 et
218 1827 269 1852 an
301 1813 346 1852 in
376 1812 504 1852 verbo
539 1811 744 1852 ‘autumo’
777 1811 920 1851 eadem
953 1811 1082 1850 istaec
1112 1809 1367 1862 praepositio
1394 1821 1484 1848 esse

144 1871 276 1911 videri
309 1870 467 1910 debeat.

234 1928 294 1968 IV
314 1928 504 1968 Historia
523 1929 571 1968 de
586 1927 786 1968 Ventidio
801 1926 945 1979 Basso,
965 1925 1141 1980 ignobili
1156 1925 1337 1977 homine,
1358 1937 1482 1976 quem

146 1988 329 2040 primum
357 1987 406 2026 de
430 1986 596 2026 Parthis
624 1985 905 2039 triumphasse
932 1984 1156 2025 memoriae
1181 1983 1382 2023 traditum
1408 1984 1482 2022 est.

234 2044 272 2084 V
312 2044 500 2085 Verbum
534 2044 745 2098 ‘profligo’
779 2059 801 2084 a
834 2043 1044 2096 plerisque
1077 2042 1157 2082 dici
1183 2040 1397 2094 inproprie
1422 2041 1482 2080 in-

145 2104 341 2154 sciteque.

233 2160 293 2200 VI
338 2159 384 2200 In
422 2161 532 2201 libro
565 2160 618 2200 M.
647 2159 858 2201 Ciceronis
892 2160 940 2199 de
973 2159 1108 2213 gloria
1139 2157 1320 2198 secundo
1354 2157 1482 2196 mani-

144 2220 299 2260 festum
332 2222 514 2259 erratum
548 2219 591 2259 in
623 2233 670 2259 ea
701 2221 831 2272 parte,
863 2219 905 2257 in
932 2232 1014 2270 qua
1041 2217 1241 2269 scriptum
1270 2218 1331 2255 est
1359 2228 1487 2268 super

145 2277 327 2318 Hectore
359 2280 400 2317 et
432 2276 569 2317 Aiace.
