1607 2464
666 43 934 78 PRAEFATIO
1422 44 1466 78 X]

131 156 327 202 apiisse'me
364 157 473 195 neri).
539 155 735 192 Interdum
770 156 920 205 legibus
953 157 1233 206 grammaticae
1266 157 1371 193 tritis
1404 158 1471 193 mi-

131 227 202 252 nus
229 215 385 251 solitam
406 214 521 251 Gellii
549 214 756 251 dictionem
787 215 961 263 adaptat,
988 217 1032 251 ut
1053 215 1069 251 I
1092 216 1129 261 3,
1155 217 1203 251 10
1232 227 1376 261 qaoque
1397 218 1474 261 sine

133 274 170 320 8,
198 274 220 310 5
252 273 498 310 aemzriorefcmf
541 275 600 319 12,
631 275 676 310 11
711 275 993 320 Quiritibusque
1032 275 1095 320 16,
1126 275 1176 310 15
1204 275 1474 321 aersfwamar,

131 334 200 369 aut
232 332 315 369 loco
349 332 552 369 verborum
587 334 779 369 rariorum
813 333 1037 382 vulgariora
1069 333 1231 379 inducit,
1263 337 1308 369 ut
1339 333 1353 369 l
1385 334 1420 379 2,
1449 335 1467 369 4

131 391 366 437 eoafinitima
404 393 471 427 aad
509 392 702 428 contraria
739 394 802 438 11,
833 393 883 428 13
915 393 1035 438 faisse
1072 404 1142 440 pro
1181 393 1322 429 masse
1358 394 1421 438 19,
1449 396 1472 428 ὅ

129 450 384 496 spernendam
421 462 491 498 pro
531 451 686 496 insuper
721 451 945 488 habemlam.
1014 451 1072 487 Ne
1111 453 1276 488 maiores
1316 451 1473 499 quidem

130 509 366 545 mutationes
405 508 587 545 invehere
626 509 781 546 dubitat
815 510 1049 547 sententiam
1083 510 1209 547 verbis
1242 522 1374 547 sensus
1408 510 1471 547 ob-

130 568 312 605 scurioris
331 568 566 616 implicitam
588 568 752 605 enodare
774 571 813 606 et
832 569 1039 617 explanare
1060 571 1233 615 conatus,
1260 572 1304 606 ut
1325 569 1340 605 l
1363 570 1399 616 3,
1421 571 1471 606 13

130 638 215 663 eam
245 627 374 673 miffar,
407 628 540 673 inquit,
573 629 641 664 aut
672 629 808 673 eapitis
840 629 953 664 avaei
978 640 1096 665 caasa
1122 630 1262 674 (alatur
1288 631 1319 665 et
1344 629 1474 674 famae

131 686 169 733 5,
191 687 214 722 2
241 687 402 722 (amaus
428 687 643 723 accuratior
676 687 711 735 6,
735 687 757 721 8
785 688 818 723 δι’
846 687 1001 723 uideant
1026 698 1095 723 aas
1118 698 1248 724 errare
1266 688 1348 724 sais
1368 687 1474 724 banis

131 756 199 781 nos
225 744 453 782 exheredant
473 775 479 781 .
503 775 509 782 .
532 775 539 781 .
560 746 636 782 nisi
659 746 914 782 errationz'bus
933 747 1047 791 finem
1066 747 1232 792 sacimas
1261 747 1324 792 18,
1349 749 1367 782 1
1385 759 1473 792 per-

128 804 215 841 inde
235 806 346 849 (aque
357 804 474 850 prius
487 804 675 841 Latinam
694 806 838 850 saetam
860 806 926 851 21,
943 806 965 840 ἴ)
983 806 1176 841 inaentam
1199 807 1251 842 est
1266 817 1332 842 wer:
1346 816 1474 852 asper—

127 865 244 899 natas
269 864 322 900 est
342 864 411 899 etc.
462 862 601 911 Itaque
628 864 703 900 nisi
729 865 940 911 premimus
967 864 1070 900 leves
1098 866 1337 901 correcturas
1360 866 1396 911 3,
1421 865 1470 900 16

129 921 259 958 doceat
293 923 328 966 7,
358 924 376 957 1
409 922 445 958 in
474 922 569 958 libro
596 916 653 973 (7,
684 924 731 958 17
762 918 935 973 numero)
973 923 1036 969 16,
1067 925 1114 959 11
1147 922 1241 959 milli
1275 924 1340 969 21,
1365 924 1389 958 4
1418 923 1472 959 Ia-

120 981 253 1027 pidem
290 981 324 1016 X
353 982 419 1027 21,
447 981 469 1017 2
504 981 663 1027 aliqaoz‘,
701 981 784 1018 sola
823 982 903 1018 eius
937 983 1149 1018 auctoritas
1182 983 1311 1030 posita
1343 984 1401 1018 est
1432 983 1473 1019 in

127 1039 381 1076 resarciendis
407 1039 568 1077 lacunis.
621 1040 723 1076 Nam
755 1042 799 1076 ut
824 1040 842 1076 I
864 1042 886 1076 2
910 1043 1003 1077 extr.
1032 1042 1070 1077 et
1097 1041 1120 1077 3
1147 1041 1295 1077 ineunt.
1323 1054 1408 1078 cum
1436 1037 1472 1077 A

129 1099 308 1145 quamvis
353 1110 429 1134 non
475 1099 592 1135 semel
631 1098 853 1147 discrepans
891 1099 1062 1145 exhibet,
1107 1101 1160 1136 sic
1198 1100 1314 1148 plura
1350 1099 1474 1136 tradit

128 1156 147 1192 Ι
169 1157 206 1204 9,
229 1157 271 1205 6,
301 1159 365 1204 11,
387 1158 430 1205 4,
458 1158 501 1204 8,
530 1159 595 1205 12,
619 1160 689 1205 11,
717 1159 783 1204 21,
804 1159 848 1206 4,
874 1159 939 1205 22,
961 1159 984 1195 5
1012 1158 1146 1194 XVIII
1162 1160 1184 1194 9
1202 1159 1249 1195 al.
1301 1158 1472 1201 Quorum

127 1216 302 1253 locorum
328 1215 374 1252 de
401 1216 598 1253 nonnullis
625 1217 694 1253 sub
715 1216 841 1254 iudice
861 1217 971 1254 litem
992 1217 1073 1254 fore
1093 1219 1200 1266 puto.
1252 1218 1368 1254 Recte
1389 1218 1473 1265 qui-

127 1274 216 1311 dem
234 1285 408 1312 servasse
429 1275 584 1312 videtur
600 1274 618 1311 Ι
637 1278 701 1322 11,
716 1278 740 1312 4.
763 1279 794 1313 et
808 1276 1017 1313 delectabili
1030 1278 1142 1321 atque
1156 1277 1248 1313 (odeo
1265 1276 1473 1313 aenei-abili

127 1333 168 1370 in
207 1334 343 1371 ceteris
381 1334 607 1371 mutilatum
646 1334 694 1371 ob
732 1348 866 1383 parem
905 1335 1121 1372 clausulam
1160 1338 1198 1372 ct
1229 1335 1277 1372 ob
1311 1335 1472 1372 eandem

128 1404 286 1430 causam
318 1392 336 1428 I
359 1393 395 1439 9,
418 1393 440 1429 6
468 1393 715 1439 astrologyiam
740 1395 923 1431 musicam
960 1396 1024 1441 11,
1046 1395 1069 1430 8
1097 1394 1163 1431 sed
1188 1395 1368 1431 atentiam
1389 1395 1472 1430 ani-

126 1462 348 1497 morwnqae
377 1453 441 1497 12,
465 1454 513 1488 11
539 1454 572 1488 et
590 1453 698 1489 caius
719 1474 772 1477 —
793 1454 865 1498 fiat
887 1452 999 1489 XVII
1022 1454 1058 1499 2,
1083 1454 1133 1489 13
1157 1464 1200 1489 ea:
1220 1474 1268 1478 —-
1289 1454 1473 1490 aiatieam

129 1504 235 1561 (cum
258 1505 322 1562 Ζ),
355 1510 422 1547 sed
446 1510 464 1547 I
488 1514 523 1557 1,
545 1512 568 1548 3
602 1524 679 1548 non
711 1524 798 1548 cum
824 1511 984 1548 Hei-tzio
1011 1511 1130 1549 verba
1156 1514 1302 1558 quanta
1327 1512 1472 1559 levyin-

127 1570 254 1614 ‹Jaitas
297 1570 464 1615 emporis
507 1571 540 1607 ei
583 1581 785 1608 mensurae
825 1571 1041 1608 conueniret
1075 1572 1116 1607 in
1154 1572 1306 1607 textum
1343 1572 1472 1619 recepi

127 1630 237 1665 ratus
274 1628 388 1665 illum
426 1628 474 1665 ob
512 1629 675 1666 nimiam
706 1629 773 1666 sed
806 1628 931 1666 Gellio
963 1642 1041 1666 non
1072 1630 1273 1667 insolitam
1305 1629 1472 1666 brevilo-

128 1688 330 1734 quentiam
373 1687 491 1724 verba
535 1688 792 1736 amplificasse
836 1690 968 1725 extera
1010 1690 1055 1725 ut
1094 1690 1152 1725 ita
1190 1689 1315 1726 dicam
1354 1700 1472 1725 causa

126 1745 258 1782 hiatus
296 1745 415 1782 nulla.
479 1747 627 1783 Eadem
664 1748 816 1784 ratione
848 1747 866 1783 I
899 1748 936 1794 8,
970 1748 993 1784 3
1025 1748 1206 1794 poscebat
1241 1749 1367 1784 autem
1405 1747 1471 1784 ala

127 1805 290 1841 nimiam
326 1807 513 1851 quantam
551 1806 660 1842 auxit
693 1807 733 1842 in
765 1808 950 1851 quantum
981 1807 1049 1843 aix
1080 1806 1168 1843 dare¹
1193 1809 1344 1853 poterat
1375 1818 1471 1843 ansa

127 1863 369 1912 corruptelae
410 1860 666 1916 manifestal)
737 1864 799 1902 Sic
838 1866 877 1902 et
914 1864 931 1900 I
965 1866 1032 1912 23,
1067 1867 1088 1902 7
1128 1867 1309 1902 secretam
1347 1867 1401 1902 rei
1440 1867 1472 1901 et

223 2001 256 2043 1)
287 1999 384 2033 Illud
416 2001 584 2044 poscebat
617 2001 770 2034 nimum
802 2005 977 2044 quautam
1009 2011 1217 2044 expressum
1251 2000 1396 2034 videtur
1427 2011 1470 2034 ex

128 2046 208 2081 Ter.
230 2046 373 2080 Phorm.
396 2050 464 2080 642
491 2047 589 2089 cedo,
622 2048 709 2090 qaid
736 2047 924 2090 postulat?
956 2047 1069 2091 quid?
1100 2050 1254 2082 m'na‘am
1282 2053 1469 2092 quantam.

129 2093 269 2128 Gellius
295 2093 492 2138 phrasibus
519 2093 740 2128 comicorum
766 2096 817 2138 <et
838 2094 1076 2139 tragicorum)
1098 2094 1255 2129 colorem
1275 2095 1470 2129 vetustatis

127 2140 301 2175 affectare
327 2142 445 2183 amat,
472 2140 534 2175 cfr.
561 2152 652 2184 quos
678 2140 777 2174 locos
804 2141 914 2175 attuli
940 2142 987 2175 ad
1012 2141 1079 2175 VII
1101 2146 1154 2185 13,
1177 2146 1195 2175 2
1222 2142 1271 2175 IX
1295 2146 1326 2184 9,
1353 2146 1394 2175 15
1421 2141 1471 2175 XI

128 2191 183 2230 16,
204 2191 224 2221 3
249 2187 317 2221 XII
338 2192 368 2231 1,
391 2192 450 2230 17,
473 2192 502 2230 7,
526 2193 543 2222 1
570 2188 653 2222 XVI
674 2192 706 2230 3,
727 2191 746 2221 2
772 2188 856 2222 XIX
876 2192 908 2230 8,
931 2193 947 2222 1
971 2188 1016 2222 al.
1038 2191 1085 2231 et,
1106 2189 1205 2232 quod
1226 2189 1469 2234 sagacitatem

129 2234 316 2268 Skutschii
342 2245 416 2268 non
440 2234 550 2279 fugit,
575 2235 608 2268 II
629 2239 684 2278 22,
706 2239 748 2269 25
770 2238 941 2279 quoniam
954 2237 1043 2280 plus
1055 2237 1171 2280 paulo
1191 2236 1317 2271 adhibi
1330 2254 1372 2265 -—-
1388 2236 1467 2269 Ter.

126 2281 237 2316 Haut.
254 2285 331 2316 220.
370 2281 424 2316 De
445 2282 649 2316 archaismo
670 2282 781 2316 Gellii
801 2283 857 2317 vd.
874 2282 1036 2327 CKnapp
1057 2284 1247 2318 Archaism
1270 2285 1307 2317 in
1325 2285 1370 2317 A.
1389 2284 1468 2317 Gel-
