1617 2484
54 726 87 752 10

55 1020 87 1046 15

54 1314 88 1339 20

56 1607 89 1632 25

56 1901 91 1926 30

727 70 759 104 11
787 73 826 104 17
1363 69 1445 110 113

105 181 325 234 ritatem,
351 179 702 233 reprehendet3
728 179 859 219 refer
885 179 941 219 ad
961 178 1114 231 auris,
1140 177 1445 231 probabunt;

107 253 304 293 quaere,
349 253 434 279 cur
470 239 542 278 ita
579 238 673 278 sit‘?
719 237 888 278 dicent
925 238 1107 278 iuvare.
1176 236 1444 290 Voluptati

106 301 269 339 autem
303 298 495 338 aurium
529 297 829 351 morigerari
862 296 1008 336 debet
1040 296 1214 336 oratio.

195 357 418 397 Manifesta
455 356 624 408 quidem
661 356 769 396 ratio
808 356 1027 396 suavitatis
1066 357 1129 395 est
1163 355 1206 395 in
1237 354 1303 395 his
1336 355 1445 395 voci-
1486 369 1491 393 ε

107 416 197 469 bus,
229 415 279 456 de
311 415 464 469 quibus
492 413 664 455 Cicero
696 415 864 455 locutus
897 417 968 454 est.
1027 412 1108 454 Sed
1134 414 1235 466 quid
1261 414 1446 454 dicemus

107 475 156 515 de
193 474 504 528 praepositione
543 474 664 527 ‘pi-o’,
706 487 829 526 quae,
868 487 962 513 cum
1001 473 1175 526 produci
1213 475 1254 513 et
1292 473 1446 526 corripi

107 535 250 583 soleat,
283 533 619 573 observationem
652 533 759 572 hanc
791 534 932 572 tamen
958 531 1011 571 M.
1039 531 1196 572 Tullii
1226 535 1447 585 aspernata

107 594 198 634 est?
258 591 358 632 Non
395 592 506 632 enirn
545 606 709 644 semper
746 591 1008 645 producitur,
1048 606 1142 631 cum
1179 591 1369 643 sequitur
1401 605 1447 631 ea

106 652 263 703 littera,
296 665 402 703 quae
434 651 569 704 prima
601 654 664 691 est
695 651 739 690 in
770 650 898 691 verbo
933 649 1075 703 ‘fecit',
1113 665 1238 703 quam
1273 650 1446 690 Cicero

106 710 215 751 hanc
252 710 405 750 habere
444 710 528 750 vim
568 710 796 764 significat,
834 712 882 749 ut
919 710 1093 762 propter
1127 723 1217 749 eam
1250 724 1337 749 rem
1372 708 1446 749 ‘in’

106 773 148 810 et
185 769 294 809 ‘con’
334 768 669 822 praepositiones
701 768 998 821 producantur.
1060 766 1170 807 Nam
1205 767 1446 821 ‘proficisci'

107 832 148 869 et
187 828 442 882 ‘profugere'
483 831 524 868 et
563 826 845 880 ‘profundere’
886 829 928 867 et
966 827 1221 880 ‘profanum’
1261 830 1302 867 et
1338 827 1447 880 ‘pro-

106 887 276 928 festum’
316 889 506 940 correpte
545 886 740 939 dicimus,
780 886 996 939 ‘proferre'
1037 888 1176 926 autem
1215 888 1257 926 et
1293 886 1445 939 ‘profli-

108 946 220 1001 gare'
267 948 308 986 et
352 946 585 999 ‘proficere’
630 945 843 998 producte.
914 943 998 984 Cur
1034 944 1166 999 igitur
1209 960 1256 985 ea
1296 946 1448 993 littera,

108 1019 235 1058 quam
273 1003 447 1045 Cicero
489 1004 778 1058 productionis
817 1018 985 1044 causam
1022 1004 1159 1044 facere
1198 1004 1448 1056 observavit,

107 1078 193 1104 non
225 1064 269 1103 in
301 1063 496 1103 omnibus
529 1063 822 1104 consimilibus
856 1063 1029 1103 eandem
1061 1063 1148 1103 vim
1174 1066 1247 1103 aut
1271 1063 1447 1103 rationis

106 1126 180 1163 aut
223 1122 443 1163 suavitatis
487 1124 619 1175 tenet,
662 1121 731 1162 sed
773 1121 899 1161 aliam
938 1136 1084 1162 vocem
1122 1122 1299 1175 produci
1336 1123 1448 1170 facit,

107 1181 233 1222 aliam
267 1181 451 1233 corripi?

195 1239 344 1292 Neque
383 1254 481 1280 vero
516 1240 624 1279 ‘con’
658 1239 866 1293 particula
896 1242 987 1280 tuin
1021 1240 1157 1279 solum
1190 1239 1449 1293 producitur,

109 1313 204 1340 curn
237 1313 284 1339 ea
317 1299 469 1351 littera,
501 1298 550 1339 de
577 1313 659 1351 qua
686 1297 859 1339 Cicero
886 1298 1004 1351 dixit,
1036 1299 1281 1350 insequitur.
1336 1298 1447 1340 Nam

109 1361 150 1398 et
171 1356 292 1398 Cato
309 1358 380 1410 (fr.
400 1358 477 1398 inc.
492 1359 545 1397 50
559 1358 619 1411 J.)
640 1360 681 1398 et
703 1356 980 1397 Sallustius
1001 1357 1177 1409 (histfr.
1194 1357 1331 1399 [1752
1346 1358 1447 1405 M.):

108 1416 402 1457 faenoribus
435 1415 634 1469 inquiunt
666 1418 901 1470 copertus
934 1418 1018 1456 est.
1080 1415 1300 1457 Praeterea
1333 1417 1447 1457 ‘coli-

109 1476 247 1531 gatus'
281 1478 323 1516 et
355 1475 569 1516 ‘conexus'
602 1475 806 1528 producte
837 1475 1000 1515 dicitur.
1279 1475 1282 1477 ’

198 1533 279 1575 Sed
304 1537 447 1574 tamen
471 1534 604 1574 videri
629 1537 771 1588 potest
796 1534 840 1574 in
865 1534 943 1586 his,
975 1548 1082 1587 quae
1108 1534 1243 1587 posui,
1277 1535 1329 1575 ob
1356 1549 1447 1575 eam
1487 1548 1494 1563 ¹

109 1607 277 1634 causam
321 1594 530 1646 particula
571 1592 675 1634 haec
714 1593 908 1646 produci,
952 1593 1151 1645 quoniam
1189 1593 1361 1634 eliditur
1397 1608 1448 1634 ex

110 1667 158 1693 ea
182 1667 211 1692 n
235 1652 392 1692 littera:
424 1667 522 1692 nam
549 1652 846 1692 detrimentum
872 1653 1037 1692 litterae
1062 1652 1339 1705 productione
1366 1653 1448 1706 syl-

108 1710 229 1751 labae
255 1714 560 1764 compensatur.
612 1710 732 1759 Quod
758 1711 927 1763 quidem
953 1711 1080 1751 etiam
1107 1710 1151 1750 in
1177 1725 1225 1751 eo
1249 1714 1449 1763 servatur,
1465 1723 1507 1752 10

111 1770 224 1822 quod
249 1772 312 1810 est
339 1769 476 1823 ‘cogo'

111 1828 306 1868 dicimus:
344 1843 431 1868 non
461 1829 573 1868 enim
606 1829 720 1868 salva
751 1828 793 1868 id
825 1828 1036 1883 ἀναλογίᾳ
1068 1829 1222 1869 dicitur
1252 1844 1275 1869 a
1307 1830 1448 1882 verbo,

111 1886 223 1940 quod
256 1889 319 1927 est
352 1887 500 1941 ‘cogo’.

205 2018 224 2047 5
240 2026 317 2058 sqq.
340 2013 434 2047 GLK
447 2014 497 2046 ΠΙ
511 2017 624 2054 49,12
644 2014 694 2047 IV
709 2018 786 2056 255,
802 2019 838 2056 4,
854 2017 932 2056 450,
949 2018 992 2047 2ο
1012 2014 1061 2048 VI
1076 2018 1153 2055 626,
1170 2018 1212 2048 33
1234 2014 1301 2048 VH
1316 2019 1447 2057 164,1;

112 2064 191 2103 235,
212 2065 231 2094 9
376 2064 419 2094 28
435 2073 512 2105 sqq.
541 2061 636 2095 GLK
654 2061 687 2094 Π
706 2066 785 2103 161,
809 2066 850 2095 11
876 2061 925 2094 HJ
945 2065 1023 2103 527,
1045 2066 1088 2095 30
1114 2062 1164 2095 IV
1183 2066 1261 2104 262,
1283 2066 1302 2096 9

208 2171 225 2200 1
246 2167 473 2211 reprehende
494 2168 531 2200 et
544 2166 622 2213 ωΗ2
644 2172 729 2201 cur?
749 2167 804 2201 ita
823 2178 860 2200 se
881 2167 914 2201 d.
930 2166 1048 2201 iuvari
1065 2167 1187 2213 Ciessss
1208 2168 1361 2212 produci
1379 2169 1415 2202 et
1430 2180 1449 2202 σ

110 2213 265 2257 produci
278 2217 307 2246 R
333 2215 434 2247 -ucet
446 2217 507 2247 Pv
525 2214 528 2259 l
545 2214 678 2258 corripi
701 2226 765 2248 om.
780 2218 810 2247 R
822 2214 834 2259 Η
848 2218 891 2247 20
918 2225 961 2248 ea
976 2226 995 2248 σ
1016 2225 1036 2247 a
1051 2228 1077 2247 ω
1091 2214 1102 2261 Η
1116 2219 1158 2248 22
1186 2214 1411 2249 facinoribus
1427 2226 1448 2253 ς

111 2272 155 2294 ex
169 2261 256 2295 Sall.
275 2261 349 2295 Cat.
365 2262 518 2295 XXIII
529 2265 547 2295 1
571 2263 575 2305 Ι
598 2263 790 2305 coopertus
811 2275 837 2294 ω
856 2261 859 2306 Ι
877 2261 1073 2305 colligatus
1094 2275 1120 2294 ω
1143 2262 1344 2304 (Skutschio
1363 2263 1448 2305 fort.

112 2318 155 2341 em
179 2309 409 2353 co-alliyatus
433 2312 595 2342 eoeortum
619 2309 775 2351 videtur)
803 2309 995 2353 coiugatus
1022 2310 1237 2343 Lachmann

184 2372 324 2398 GELmvs
345 2373 390 2398 ed.
410 2374 555 2398 Hosius
1217 2371 1236 2400 8

486 1786 495 1822 3
526 1784 662 1822 neque
686 1772 907 1824 repugnat,
939 1769 1052 1822 quod
1080 1769 1229 1824 ‘coegi’
1258 1773 1448 1823 correpte
1465 1782 1505 1811 11
