<?xml version="1.0" encoding="UTF-8"?>
<!DOCTYPE html PUBLIC "-//W3C//DTD XHTML 1.0 Transitional//EN"
    "http://www.w3.org/TR/xhtml1/DTD/xhtml1-transitional.dtd">
<html xmlns="http://www.w3.org/1999/xhtml" xml:lang="en" lang="en">
 <head>
  <title>
</title>
<meta http-equiv="Content-Type" content="text/html;charset=utf-8" />
  <meta name='ocr-system' content='tesseract 3.04.00' />
  <meta name='ocr-capabilities' content='ocr_page ocr_carea ocr_par ocr_line ocrx_word'/>
</head>
<body>
  <div class='ocr_page' id='page_1' title='image "./agelliinoctiumat01gelluoft_0093.png"; bbox 0 0 1602 2484; ppageno 0'>
   <div class='ocr_carea' id='block_1_1' title="bbox 572 40 1454 81">
    <p class='ocr_par' dir='ltr' id='par_1_1' title="bbox 572 40 1454 81">
     <span class='ocr_line' id='line_1_1' title="bbox 572 40 1454 81; baseline 0.008 -7"><span class='ocrx_word' id='word_1_1' title='bbox 572 40 806 75; x_wconf 81' lang='lat' dir='ltr'><strong>CAPITVLA</strong></span> <span class='ocrx_word' id='word_1_2' title='bbox 833 40 918 75; x_wconf 89' lang='lat' dir='ltr'><strong>LIB.</strong></span> <span class='ocrx_word' id='word_1_3' title='bbox 947 40 993 74; x_wconf 82' lang='lat' dir='ltr'>XI</span> <span class='ocrx_word' id='word_1_4' title='bbox 1400 41 1454 81; x_wconf 75' lang='lat'>25</span> 
     </span>
    </p>
   </div>
   <div class='ocr_carea' id='block_1_2' title="bbox 353 173 1235 220">
    <p class='ocr_par' dir='ltr' id='par_1_2' title="bbox 353 173 1235 220">
     <span class='ocr_line' id='line_1_2' title="bbox 353 173 1235 220; baseline 0 -1"><span class='ocrx_word' id='word_1_5' title='bbox 353 173 666 220; x_wconf 80' lang='lat' dir='ltr'><strong>CAPITVLA</strong></span> <span class='ocrx_word' id='word_1_6' title='bbox 709 174 881 220; x_wconf 80' lang='lat' dir='ltr'>LIBRI</span> <span class='ocrx_word' id='word_1_7' title='bbox 922 174 1005 220; x_wconf 64' lang='lat' dir='ltr'>VN</span> <span class='ocrx_word' id='word_1_8' title='bbox 1016 174 1235 220; x_wconf 80' lang='lat' dir='ltr'><strong>DECJMI</strong></span> 
     </span>
    </p>
   </div>
   <div class='ocr_carea' id='block_1_3' title="bbox 100 266 1470 2299">
    <p class='ocr_par' dir='ltr' id='par_1_3' title="bbox 113 266 1470 483">
     <span class='ocr_line' id='line_1_3' title="bbox 207 266 1470 321; baseline 0 -14"><span class='ocrx_word' id='word_1_9' title='bbox 207 266 225 307; x_wconf 95' lang='lat' dir='ltr'><strong>I</strong></span> <span class='ocrx_word' id='word_1_10' title='bbox 256 266 321 307; x_wconf 87' lang='lat' dir='ltr'>De</span> <span class='ocrx_word' id='word_1_11' title='bbox 349 267 512 321; x_wconf 78' lang='lat' dir='ltr'>origine</span> <span class='ocrx_word' id='word_1_12' title='bbox 538 266 733 307; x_wconf 72' lang='lat' dir='ltr'>vocabuli</span> <span class='ocrx_word' id='word_1_13' title='bbox 756 270 891 307; x_wconf 80' lang='lat' dir='ltr'>terrae</span> <span class='ocrx_word' id='word_1_14' title='bbox 912 266 1076 315; x_wconf 59' lang='lat' dir='ltr'>Italiam</span> <span class='ocrx_word' id='word_1_15' title='bbox 1103 267 1238 319; x_wconf 81' lang='lat' dir='ltr'>deque</span> <span class='ocrx_word' id='word_1_16' title='bbox 1258 281 1305 307; x_wconf 89' lang='lat' dir='ltr'>ea</span> <span class='ocrx_word' id='word_1_17' title='bbox 1325 267 1470 319; x_wconf 82' lang='lat' dir='ltr'>multa,</span> 
     </span>
     <span class='ocr_line' id='line_1_4' title="bbox 114 325 1469 379; baseline -0.001 -13"><span class='ocrx_word' id='word_1_18' title='bbox 114 340 221 379; x_wconf 86' lang='lat' dir='ltr'>quae</span> <span class='ocrx_word' id='word_1_19' title='bbox 255 325 482 379; x_wconf 77' lang='lat' dir='ltr'>‘suprema’</span> <span class='ocrx_word' id='word_1_20' title='bbox 517 326 769 378; x_wconf 68' lang='lat' dir='ltr'>appellatur,</span> <span class='ocrx_word' id='word_1_21' title='bbox 804 326 938 377; x_wconf 86' lang='lat' dir='ltr'>deque</span> <span class='ocrx_word' id='word_1_22' title='bbox 971 327 1060 366; x_wconf 85' lang='lat' dir='ltr'>eius</span> <span class='ocrx_word' id='word_1_23' title='bbox 1093 326 1278 366; x_wconf 88' lang='lat' dir='ltr'>nominis</span> <span class='ocrx_word' id='word_1_24' title='bbox 1307 327 1469 366; x_wconf 85' lang='lat' dir='ltr'>ratione</span> 
     </span>
     <span class='ocr_line' id='line_1_5' title="bbox 113 383 1469 439; baseline 0 -15"><span class='ocrx_word' id='word_1_25' title='bbox 113 398 161 424; x_wconf 82' lang='lat' dir='ltr'>ae</span> <span class='ocrx_word' id='word_1_26' title='bbox 195 385 245 424; x_wconf 88' lang='lat' dir='ltr'>de</span> <span class='ocrx_word' id='word_1_27' title='bbox 277 385 371 439; x_wconf 79' lang='lat' dir='ltr'>lege</span> <span class='ocrx_word' id='word_1_28' title='bbox 403 383 596 436; x_wconf 78' lang='lat' dir='ltr'>Aternia3</span> <span class='ocrx_word' id='word_1_29' title='bbox 634 387 675 424; x_wconf 87' lang='lat' dir='ltr'>et</span> <span class='ocrx_word' id='word_1_30' title='bbox 707 384 861 437; x_wconf 54' lang='lat' dir='ltr'>quitus</span> <span class='ocrx_word' id='word_1_31' title='bbox 896 385 1034 424; x_wconf 78' lang='lat' dir='ltr'>verbis</span> <span class='ocrx_word' id='word_1_32' title='bbox 1068 385 1302 437; x_wconf 86' lang='lat' dir='ltr'>antiquitus</span> <span class='ocrx_word' id='word_1_33' title='bbox 1336 385 1469 424; x_wconf 84' lang='lat' dir='ltr'>multa</span> 
     </span>
     <span class='ocr_line' id='line_1_6' title="bbox 116 443 693 483; baseline -0.002 0"><span class='ocrx_word' id='word_1_34' title='bbox 116 443 322 483; x_wconf 80' lang='lat' dir='ltr'>‘minima’</span> <span class='ocrx_word' id='word_1_35' title='bbox 358 443 439 483; x_wconf 84' lang='lat' dir='ltr'>dici</span> <span class='ocrx_word' id='word_1_36' title='bbox 473 443 597 483; x_wconf 81' lang='lat' dir='ltr'>solita</span> <span class='ocrx_word' id='word_1_37' title='bbox 630 444 693 482; x_wconf 88' lang='lat' dir='ltr'>sit.</span> 
     </span>
    </p>

    <p class='ocr_par' dir='ltr' id='par_1_4' title="bbox 112 500 1468 672">
     <span class='ocr_line' id='line_1_7' title="bbox 200 500 1468 555; baseline 0.001 -14"><span class='ocrx_word' id='word_1_38' title='bbox 200 501 241 542; x_wconf 89' lang='lat' dir='ltr'>II</span> <span class='ocrx_word' id='word_1_39' title='bbox 282 501 403 550; x_wconf 86' lang='lat' dir='ltr'>Quod</span> <span class='ocrx_word' id='word_1_40' title='bbox 437 500 679 555; x_wconf 66' lang='lat' dir='ltr'>‘elegantia’</span> <span class='ocrx_word' id='word_1_41' title='bbox 713 501 822 554; x_wconf 84' lang='lat' dir='ltr'>apud</span> <span class='ocrx_word' id='word_1_42' title='bbox 855 502 1116 554; x_wconf 71' lang='lat' dir='ltr'>antiquiores</span> <span class='ocrx_word' id='word_1_43' title='bbox 1143 515 1227 542; x_wconf 88' lang='lat' dir='ltr'>non</span> <span class='ocrx_word' id='word_1_44' title='bbox 1256 502 1305 542; x_wconf 90' lang='lat' dir='ltr'>de</span> <span class='ocrx_word' id='word_1_45' title='bbox 1332 517 1468 542; x_wconf 87' lang='lat' dir='ltr'>amoe-</span> 
     </span>
     <span class='ocr_line' id='line_1_8' title="bbox 112 560 1468 615; baseline 0.001 -16"><span class='ocrx_word' id='word_1_46' title='bbox 112 561 231 601; x_wconf 89' lang='lat' dir='ltr'>niore</span> <span class='ocrx_word' id='word_1_47' title='bbox 265 560 450 615; x_wconf 74' lang='lat' dir='ltr'>ingenio,</span> <span class='ocrx_word' id='word_1_48' title='bbox 485 561 555 600; x_wconf 87' lang='lat' dir='ltr'>sed</span> <span class='ocrx_word' id='word_1_49' title='bbox 589 561 638 600; x_wconf 88' lang='lat' dir='ltr'>de</span> <span class='ocrx_word' id='word_1_50' title='bbox 672 560 869 600; x_wconf 83' lang='lat' dir='ltr'>nitidiore</span> <span class='ocrx_word' id='word_1_51' title='bbox 904 561 1019 600; x_wconf 86' lang='lat' dir='ltr'>cultu</span> <span class='ocrx_word' id='word_1_52' title='bbox 1054 563 1180 614; x_wconf 87' lang='lat' dir='ltr'>atque</span> <span class='ocrx_word' id='word_1_53' title='bbox 1213 561 1327 601; x_wconf 81' lang='lat' dir='ltr'>victu</span> <span class='ocrx_word' id='word_1_54' title='bbox 1361 561 1468 601; x_wconf 86' lang='lat' dir='ltr'>dicc-</span> 
     </span>
     <span class='ocr_line' id='line_1_9' title="bbox 112 618 906 672; baseline -0.001 -13"><span class='ocrx_word' id='word_1_55' title='bbox 112 618 249 671; x_wconf 73' lang='lat' dir='ltr'>batur,</span> <span class='ocrx_word' id='word_1_56' title='bbox 282 633 414 672; x_wconf 85' lang='lat' dir='ltr'>eaque</span> <span class='ocrx_word' id='word_1_57' title='bbox 447 619 491 658; x_wconf 90' lang='lat' dir='ltr'>in</span> <span class='ocrx_word' id='word_1_58' title='bbox 522 619 626 659; x_wconf 77' lang='lat' dir='ltr'>vitio</span> <span class='ocrx_word' id='word_1_59' title='bbox 660 618 906 672; x_wconf 87' lang='lat' dir='ltr'>ponebatur.</span> 
     </span>
    </p>

    <p class='ocr_par' dir='ltr' id='par_1_5' title="bbox 112 676 1467 789">
     <span class='ocr_line' id='line_1_10' title="bbox 199 676 1467 731; baseline 0.001 -14"><span class='ocrx_word' id='word_1_60' title='bbox 199 676 262 717; x_wconf 91' lang='lat' dir='ltr'>III</span> <span class='ocrx_word' id='word_1_61' title='bbox 307 676 452 726; x_wconf 84' lang='lat' dir='ltr'>Qualis</span> <span class='ocrx_word' id='word_1_62' title='bbox 493 680 734 731; x_wconf 79' lang='lat' dir='ltr'>quantaque</span> <span class='ocrx_word' id='word_1_63' title='bbox 774 678 828 717; x_wconf 85' lang='lat' dir='ltr'>sit</span> <span class='ocrx_word' id='word_1_64' title='bbox 861 677 970 730; x_wconf 75' lang='lat' dir='ltr'>‘pro’</span> <span class='ocrx_word' id='word_1_65' title='bbox 1004 678 1237 731; x_wconf 73' lang='lat' dir='ltr'>particulae</span> <span class='ocrx_word' id='word_1_66' title='bbox 1270 679 1467 730; x_wconf 78' lang='lat' dir='ltr'>varietas3</span> 
     </span>
     <span class='ocr_line' id='line_1_11' title="bbox 112 736 867 789; baseline -0.001 -13"><span class='ocrx_word' id='word_1_67' title='bbox 112 736 247 788; x_wconf 88' lang='lat' dir='ltr'>deque</span> <span class='ocrx_word' id='word_1_68' title='bbox 280 736 485 789; x_wconf 76' lang='lat' dir='ltr'>exemplis</span> <span class='ocrx_word' id='word_1_69' title='bbox 519 737 607 776; x_wconf 88' lang='lat' dir='ltr'>eius</span> <span class='ocrx_word' id='word_1_70' title='bbox 641 737 867 776; x_wconf 85' lang='lat' dir='ltr'>varietatis.</span> 
     </span>
    </p>

    <p class='ocr_par' dir='ltr' id='par_1_6' title="bbox 113 793 1466 894">
     <span class='ocr_line' id='line_1_12' title="bbox 199 793 1466 848; baseline 0.001 -14"><span class='ocrx_word' id='word_1_71' title='bbox 199 793 259 835; x_wconf 89' lang='lat' dir='ltr'>IV</span> <span class='ocrx_word' id='word_1_72' title='bbox 312 794 444 843; x_wconf 83' lang='lat' dir='ltr'>Quem</span> <span class='ocrx_word' id='word_1_73' title='bbox 491 795 534 834; x_wconf 89' lang='lat' dir='ltr'>in</span> <span class='ocrx_word' id='word_1_74' title='bbox 578 795 751 835; x_wconf 88' lang='lat' dir='ltr'>modum</span> <span class='ocrx_word' id='word_1_75' title='bbox 798 794 843 843; x_wconf 90' lang='lat' dir='ltr'>Q.</span> <span class='ocrx_word' id='word_1_76' title='bbox 872 793 1037 834; x_wconf 82' lang='lat' dir='ltr'>Ennius</span> <span class='ocrx_word' id='word_1_77' title='bbox 1084 809 1229 835; x_wconf 77' lang='lat' dir='ltr'>versus</span> <span class='ocrx_word' id='word_1_78' title='bbox 1271 795 1466 848; x_wconf 81' lang='lat' dir='ltr'>Euripidi</span> 
     </span>
     <span class='ocr_line' id='line_1_13' title="bbox 113 853 451 894; baseline -0.006 0"><span class='ocrx_word' id='word_1_79' title='bbox 113 854 351 894; x_wconf 72' lang='lat' dir='ltr'>aemulatus</span> <span class='ocrx_word' id='word_1_80' title='bbox 387 853 451 893; x_wconf 90' lang='lat' dir='ltr'>sit.</span> 
     </span>
    </p>

    <p class='ocr_par' dir='ltr' id='par_1_7' title="bbox 109 910 1464 1023">
     <span class='ocr_line' id='line_1_14' title="bbox 200 910 1464 965; baseline 0 -13"><span class='ocrx_word' id='word_1_81' title='bbox 200 910 238 952; x_wconf 89' lang='lat' dir='ltr'>V</span> <span class='ocrx_word' id='word_1_82' title='bbox 271 911 335 952; x_wconf 89' lang='lat' dir='ltr'>De</span> <span class='ocrx_word' id='word_1_83' title='bbox 362 911 580 965; x_wconf 82' lang='lat' dir='ltr'>Pyrroniis</span> <span class='ocrx_word' id='word_1_84' title='bbox 614 911 882 965; x_wconf 80' lang='lat' dir='ltr'>philosophis</span> <span class='ocrx_word' id='word_1_85' title='bbox 913 912 1118 964; x_wconf 83' lang='lat' dir='ltr'>quaedam</span> <span class='ocrx_word' id='word_1_86' title='bbox 1148 912 1281 965; x_wconf 87' lang='lat' dir='ltr'>deque</span> <span class='ocrx_word' id='word_1_87' title='bbox 1306 911 1464 953; x_wconf 87' lang='lat' dir='ltr'>Acade-</span> 
     </span>
     <span class='ocr_line' id='line_1_15' title="bbox 109 970 1336 1023; baseline 0 -13"><span class='ocrx_word' id='word_1_88' title='bbox 109 971 231 1010; x_wconf 84' lang='lat' dir='ltr'>micis</span> <span class='ocrx_word' id='word_1_89' title='bbox 265 971 445 1011; x_wconf 87' lang='lat' dir='ltr'>strictim</span> <span class='ocrx_word' id='word_1_90' title='bbox 478 972 643 1023; x_wconf 79' lang='lat' dir='ltr'>notata3</span> <span class='ocrx_word' id='word_1_91' title='bbox 677 971 811 1023; x_wconf 87' lang='lat' dir='ltr'>deque</span> <span class='ocrx_word' id='word_1_92' title='bbox 844 971 954 1010; x_wconf 81' lang='lat' dir='ltr'>inter</span> <span class='ocrx_word' id='word_1_93' title='bbox 986 984 1056 1010; x_wconf 90' lang='lat' dir='ltr'>eos</span> <span class='ocrx_word' id='word_1_94' title='bbox 1091 970 1336 1011; x_wconf 82' lang='lat' dir='ltr'>differentia.</span> 
     </span>
    </p>

    <p class='ocr_par' dir='ltr' id='par_1_8' title="bbox 109 1027 1463 1141">
     <span class='ocr_line' id='line_1_16' title="bbox 199 1027 1463 1082; baseline 0.001 -13"><span class='ocrx_word' id='word_1_95' title='bbox 199 1028 260 1069; x_wconf 89' lang='lat' dir='ltr'>VI</span> <span class='ocrx_word' id='word_1_96' title='bbox 297 1029 419 1077; x_wconf 87' lang='lat' dir='ltr'>Quod</span> <span class='ocrx_word' id='word_1_97' title='bbox 451 1029 649 1069; x_wconf 85' lang='lat' dir='ltr'>mulieres</span> <span class='ocrx_word' id='word_1_98' title='bbox 683 1027 844 1069; x_wconf 85' lang='lat' dir='ltr'>Romae</span> <span class='ocrx_word' id='word_1_99' title='bbox 876 1043 952 1082; x_wconf 83' lang='lat' dir='ltr'>per</span> <span class='ocrx_word' id='word_1_100' title='bbox 977 1027 1205 1069; x_wconf 79' lang='lat' dir='ltr'>Herculem</span> <span class='ocrx_word' id='word_1_101' title='bbox 1238 1044 1325 1070; x_wconf 88' lang='lat' dir='ltr'>non</span> <span class='ocrx_word' id='word_1_102' title='bbox 1356 1031 1463 1070; x_wconf 88' lang='lat' dir='ltr'>iura-</span> 
     </span>
     <span class='ocr_line' id='line_1_17' title="bbox 109 1086 898 1141; baseline -0.001 -13"><span class='ocrx_word' id='word_1_103' title='bbox 109 1088 250 1128; x_wconf 78' lang='lat' dir='ltr'>verint</span> <span class='ocrx_word' id='word_1_104' title='bbox 282 1102 418 1141; x_wconf 87' lang='lat' dir='ltr'>neque</span> <span class='ocrx_word' id='word_1_105' title='bbox 452 1088 530 1127; x_wconf 86' lang='lat' dir='ltr'>viri</span> <span class='ocrx_word' id='word_1_106' title='bbox 564 1102 638 1141; x_wconf 81' lang='lat' dir='ltr'>per</span> <span class='ocrx_word' id='word_1_107' title='bbox 671 1086 898 1127; x_wconf 74' lang='lat' dir='ltr'>Castorem.</span> 
     </span>
    </p>

    <p class='ocr_par' dir='ltr' id='par_1_9' title="bbox 109 1145 1463 1245">
     <span class='ocr_line' id='line_1_18' title="bbox 198 1145 1463 1200; baseline 0 -14"><span class='ocrx_word' id='word_1_108' title='bbox 198 1145 280 1187; x_wconf 85' lang='lat' dir='ltr'>VII</span> <span class='ocrx_word' id='word_1_109' title='bbox 320 1145 474 1187; x_wconf 80' lang='lat' dir='ltr'>Verbis</span> <span class='ocrx_word' id='word_1_110' title='bbox 513 1147 819 1200; x_wconf 70' lang='lat' dir='ltr'>antiquissimis</span> <span class='ocrx_word' id='word_1_111' title='bbox 851 1147 1096 1199; x_wconf 84' lang='lat' dir='ltr'>relictisque</span> <span class='ocrx_word' id='word_1_112' title='bbox 1129 1146 1212 1186; x_wconf 89' lang='lat' dir='ltr'>iam</span> <span class='ocrx_word' id='word_1_113' title='bbox 1247 1150 1287 1186; x_wconf 78' lang='lat' dir='ltr'>et</span> <span class='ocrx_word' id='word_1_114' title='bbox 1320 1147 1463 1186; x_wconf 89' lang='lat' dir='ltr'>desitis</span> 
     </span>
     <span class='ocr_line' id='line_1_19' title="bbox 109 1205 534 1245; baseline -0.002 0"><span class='ocrx_word' id='word_1_115' title='bbox 109 1205 285 1245; x_wconf 87' lang='lat' dir='ltr'>minime</span> <span class='ocrx_word' id='word_1_116' title='bbox 319 1205 534 1245; x_wconf 73' lang='lat' dir='ltr'>utendum.</span> 
     </span>
    </p>

    <p class='ocr_par' dir='ltr' id='par_1_10' title="bbox 106 1261 1462 1434">
     <span class='ocr_line' id='line_1_20' title="bbox 197 1261 1461 1316; baseline 0 -13"><span class='ocrx_word' id='word_1_117' title='bbox 197 1262 301 1303; x_wconf 85' lang='lat' dir='ltr'><strong>VIII</strong></span> <span class='ocrx_word' id='word_1_118' title='bbox 346 1263 456 1312; x_wconf 85' lang='lat' dir='ltr'>Quid</span> <span class='ocrx_word' id='word_1_119' title='bbox 495 1264 672 1303; x_wconf 85' lang='lat' dir='ltr'>senserit</span> <span class='ocrx_word' id='word_1_120' title='bbox 711 1263 948 1316; x_wconf 68' lang='lat' dir='ltr'>dixeritque</span> <span class='ocrx_word' id='word_1_121' title='bbox 980 1262 1035 1303; x_wconf 91' lang='lat' dir='ltr'>M.</span> <span class='ocrx_word' id='word_1_122' title='bbox 1064 1262 1167 1303; x_wconf 85' lang='lat' dir='ltr'>Cato</span> <span class='ocrx_word' id='word_1_123' title='bbox 1209 1263 1258 1304; x_wconf 89' lang='lat' dir='ltr'>de</span> <span class='ocrx_word' id='word_1_124' title='bbox 1289 1261 1461 1316; x_wconf 82' lang='lat' dir='ltr'>Albino,</span> 
     </span>
     <span class='ocr_line' id='line_1_21' title="bbox 107 1321 1462 1375; baseline 0 -13"><span class='ocrx_word' id='word_1_125' title='bbox 107 1322 182 1375; x_wconf 90' lang='lat' dir='ltr'>qui</span> <span class='ocrx_word' id='word_1_126' title='bbox 208 1322 338 1362; x_wconf 86' lang='lat' dir='ltr'>homo</span> <span class='ocrx_word' id='word_1_127' title='bbox 366 1321 584 1362; x_wconf 78' lang='lat' dir='ltr'>Romanus</span> <span class='ocrx_word' id='word_1_128' title='bbox 613 1321 771 1362; x_wconf 85' lang='lat' dir='ltr'>Graeca</span> <span class='ocrx_word' id='word_1_129' title='bbox 799 1323 989 1362; x_wconf 79' lang='lat' dir='ltr'>oratione</span> <span class='ocrx_word' id='word_1_130' title='bbox 1014 1337 1080 1362; x_wconf 88' lang='lat' dir='ltr'>res</span> <span class='ocrx_word' id='word_1_131' title='bbox 1101 1321 1314 1362; x_wconf 83' lang='lat' dir='ltr'>Romanas</span> <span class='ocrx_word' id='word_1_132' title='bbox 1342 1324 1462 1362; x_wconf 79' lang='lat' dir='ltr'>venia</span> 
     </span>
     <span class='ocr_line' id='line_1_22' title="bbox 106 1380 1162 1434; baseline -0.001 -13"><span class='ocrx_word' id='word_1_133' title='bbox 106 1380 190 1421; x_wconf 86' lang='lat' dir='ltr'>sibi</span> <span class='ocrx_word' id='word_1_134' title='bbox 223 1383 320 1421; x_wconf 88' lang='lat' dir='ltr'>ante</span> <span class='ocrx_word' id='word_1_135' title='bbox 353 1381 442 1421; x_wconf 86' lang='lat' dir='ltr'>eius</span> <span class='ocrx_word' id='word_1_136' title='bbox 474 1381 712 1434; x_wconf 71' lang='lat' dir='ltr'>imperitiae</span> <span class='ocrx_word' id='word_1_137' title='bbox 745 1381 878 1434; x_wconf 82' lang='lat' dir='ltr'>petita</span> <span class='ocrx_word' id='word_1_138' title='bbox 912 1382 1162 1434; x_wconf 80' lang='lat' dir='ltr'>composuit.</span> 
     </span>
    </p>

    <p class='ocr_par' dir='ltr' id='par_1_11' title="bbox 105 1438 1460 1551">
     <span class='ocr_line' id='line_1_23' title="bbox 195 1438 1460 1493; baseline 0 -14"><span class='ocrx_word' id='word_1_139' title='bbox 195 1438 255 1480; x_wconf 87' lang='lat' dir='ltr'>IX</span> <span class='ocrx_word' id='word_1_140' title='bbox 300 1438 491 1479; x_wconf 77' lang='lat' dir='ltr'>Historia</span> <span class='ocrx_word' id='word_1_141' title='bbox 532 1440 580 1479; x_wconf 86' lang='lat' dir='ltr'>de</span> <span class='ocrx_word' id='word_1_142' title='bbox 619 1440 770 1493; x_wconf 77' lang='lat' dir='ltr'>legatis</span> <span class='ocrx_word' id='word_1_143' title='bbox 804 1438 939 1480; x_wconf 89' lang='lat' dir='ltr'>Mileti</span> <span class='ocrx_word' id='word_1_144' title='bbox 975 1453 1023 1479; x_wconf 84' lang='lat' dir='ltr'>ae</span> <span class='ocrx_word' id='word_1_145' title='bbox 1048 1438 1338 1480; x_wconf 82' lang='lat' dir='ltr'>Demosthene</span> <span class='ocrx_word' id='word_1_146' title='bbox 1370 1439 1460 1480; x_wconf 83' lang='lat' dir='ltr'>rho-</span> 
     </span>
     <span class='ocr_line' id='line_1_24' title="bbox 105 1496 844 1551; baseline 0.001 -14"><span class='ocrx_word' id='word_1_147' title='bbox 105 1500 198 1538; x_wconf 85' lang='lat' dir='ltr'>tore</span> <span class='ocrx_word' id='word_1_148' title='bbox 230 1499 272 1538; x_wconf 89' lang='lat' dir='ltr'>in</span> <span class='ocrx_word' id='word_1_149' title='bbox 306 1498 427 1538; x_wconf 80' lang='lat' dir='ltr'>libris</span> <span class='ocrx_word' id='word_1_150' title='bbox 462 1496 636 1538; x_wconf 80' lang='lat' dir='ltr'>Critolai</span> <span class='ocrx_word' id='word_1_151' title='bbox 668 1500 844 1551; x_wconf 86' lang='lat' dir='ltr'>reperta.</span> 
     </span>
    </p>

    <p class='ocr_par' dir='ltr' id='par_1_12' title="bbox 105 1555 1459 1727">
     <span class='ocr_line' id='line_1_25' title="bbox 194 1555 1459 1605; baseline 0 -9"><span class='ocrx_word' id='word_1_152' title='bbox 194 1555 234 1596; x_wconf 88' lang='lat' dir='ltr'><strong>X</strong></span> <span class='ocrx_word' id='word_1_153' title='bbox 285 1555 408 1605; x_wconf 85' lang='lat' dir='ltr'>Quod</span> <span class='ocrx_word' id='word_1_154' title='bbox 453 1555 494 1596; x_wconf 88' lang='lat' dir='ltr'>C.</span> <span class='ocrx_word' id='word_1_155' title='bbox 535 1555 749 1597; x_wconf 72' lang='lat' dir='ltr'>Gracchus</span> <span class='ocrx_word' id='word_1_156' title='bbox 794 1557 837 1596; x_wconf 89' lang='lat' dir='ltr'>in</span> <span class='ocrx_word' id='word_1_157' title='bbox 884 1557 1074 1596; x_wconf 86' lang='lat' dir='ltr'>oratione</span> <span class='ocrx_word' id='word_1_158' title='bbox 1120 1571 1194 1597; x_wconf 86' lang='lat' dir='ltr'>sua</span> <span class='ocrx_word' id='word_1_159' title='bbox 1238 1555 1459 1597; x_wconf 88' lang='lat' dir='ltr'>historiam</span> 
     </span>
     <span class='ocr_line' id='line_1_26' title="bbox 106 1614 1458 1669; baseline 0 -14"><span class='ocrx_word' id='word_1_160' title='bbox 106 1629 233 1668; x_wconf 85' lang='lat' dir='ltr'>supra</span> <span class='ocrx_word' id='word_1_161' title='bbox 272 1615 472 1669; x_wconf 79' lang='lat' dir='ltr'>scriptam</span> <span class='ocrx_word' id='word_1_162' title='bbox 505 1614 685 1655; x_wconf 85' lang='lat' dir='ltr'>Demadi</span> <span class='ocrx_word' id='word_1_163' title='bbox 719 1615 897 1667; x_wconf 72' lang='lat' dir='ltr'>rhetori,</span> <span class='ocrx_word' id='word_1_164' title='bbox 934 1629 1020 1655; x_wconf 86' lang='lat' dir='ltr'>non</span> <span class='ocrx_word' id='word_1_165' title='bbox 1053 1614 1351 1668; x_wconf 71' lang='lat' dir='ltr'>Demostheni,</span> <span class='ocrx_word' id='word_1_166' title='bbox 1389 1615 1458 1655; x_wconf 84' lang='lat' dir='ltr'>ad-</span> 
     </span>
     <span class='ocr_line' id='line_1_27' title="bbox 105 1672 1144 1727; baseline 0 -14"><span class='ocrx_word' id='word_1_167' title='bbox 105 1674 274 1727; x_wconf 80' lang='lat' dir='ltr'>tribuit3</span> <span class='ocrx_word' id='word_1_168' title='bbox 307 1673 520 1726; x_wconf 84' lang='lat' dir='ltr'>verbaque</span> <span class='ocrx_word' id='word_1_169' title='bbox 553 1675 685 1727; x_wconf 77' lang='lat' dir='ltr'>ipsius</span> <span class='ocrx_word' id='word_1_170' title='bbox 720 1672 761 1714; x_wconf 87' lang='lat' dir='ltr'>C.</span> <span class='ocrx_word' id='word_1_171' title='bbox 791 1673 970 1714; x_wconf 84' lang='lat' dir='ltr'>Gracchi</span> <span class='ocrx_word' id='word_1_172' title='bbox 1002 1674 1144 1713; x_wconf 88' lang='lat' dir='ltr'>relata.</span> 
     </span>
    </p>

    <p class='ocr_par' dir='ltr' id='par_1_13' title="bbox 106 1730 1458 1831">
     <span class='ocr_line' id='line_1_28' title="bbox 194 1730 1458 1786; baseline 0 -14"><span class='ocrx_word' id='word_1_173' title='bbox 194 1731 255 1772; x_wconf 91' lang='lat' dir='ltr'>XI</span> <span class='ocrx_word' id='word_1_174' title='bbox 294 1731 437 1772; x_wconf 81' lang='lat' dir='ltr'>Verba</span> <span class='ocrx_word' id='word_1_175' title='bbox 463 1731 507 1772; x_wconf 90' lang='lat' dir='ltr'>P.</span> <span class='ocrx_word' id='word_1_176' title='bbox 533 1730 710 1786; x_wconf 71' lang='lat' dir='ltr'>Nigidii⁷</span> <span class='ocrx_word' id='word_1_177' title='bbox 744 1732 897 1785; x_wconf 82' lang='lat' dir='ltr'>quibus</span> <span class='ocrx_word' id='word_1_178' title='bbox 932 1732 1097 1772; x_wconf 79' lang='lat' dir='ltr'>differre</span> <span class='ocrx_word' id='word_1_179' title='bbox 1130 1732 1232 1772; x_wconf 86' lang='lat' dir='ltr'>dicit</span> <span class='ocrx_word' id='word_1_180' title='bbox 1258 1731 1458 1772; x_wconf 72' lang='lat' dir='ltr'>‘mentiri&#39;</span> 
     </span>
     <span class='ocr_line' id='line_1_29' title="bbox 106 1790 662 1831; baseline -0.002 0"><span class='ocrx_word' id='word_1_181' title='bbox 106 1793 148 1830; x_wconf 87' lang='lat' dir='ltr'>et</span> <span class='ocrx_word' id='word_1_182' title='bbox 182 1790 464 1831; x_wconf 79' lang='lat' dir='ltr'>‘mendacium</span> <span class='ocrx_word' id='word_1_183' title='bbox 500 1790 662 1830; x_wconf 81' lang='lat' dir='ltr'>dicere&#39;.</span> 
     </span>
    </p>

    <p class='ocr_par' dir='ltr' id='par_1_14' title="bbox 103 1847 1457 2020">
     <span class='ocr_line' id='line_1_30' title="bbox 194 1847 1457 1902; baseline 0 -13"><span class='ocrx_word' id='word_1_184' title='bbox 194 1848 275 1889; x_wconf 90' lang='lat' dir='ltr'>XII</span> <span class='ocrx_word' id='word_1_185' title='bbox 326 1848 448 1897; x_wconf 86' lang='lat' dir='ltr'>Quod</span> <span class='ocrx_word' id='word_1_186' title='bbox 488 1847 750 1902; x_wconf 62' lang='lat' dir='ltr'>Chrysippus</span> <span class='ocrx_word' id='word_1_187' title='bbox 796 1848 1077 1902; x_wconf 83' lang='lat' dir='ltr'>philosophus</span> <span class='ocrx_word' id='word_1_188' title='bbox 1121 1862 1244 1889; x_wconf 86' lang='lat' dir='ltr'>omne</span> <span class='ocrx_word' id='word_1_189' title='bbox 1282 1848 1457 1890; x_wconf 85' lang='lat' dir='ltr'>verbum</span> 
     </span>
     <span class='ocr_line' id='line_1_31' title="bbox 105 1906 1457 1962; baseline 0 -14"><span class='ocrx_word' id='word_1_190' title='bbox 105 1907 354 1962; x_wconf 82' lang='lat' dir='ltr'>ambiguum</span> <span class='ocrx_word' id='word_1_191' title='bbox 377 1908 638 1960; x_wconf 86' lang='lat' dir='ltr'>dubiumque</span> <span class='ocrx_word' id='word_1_192' title='bbox 659 1922 748 1948; x_wconf 85' lang='lat' dir='ltr'>esse</span> <span class='ocrx_word' id='word_1_193' title='bbox 769 1907 882 1959; x_wconf 73' lang='lat' dir='ltr'>dicit,</span> <span class='ocrx_word' id='word_1_194' title='bbox 902 1906 1116 1947; x_wconf 79' lang='lat' dir='ltr'>Diodorus</span> <span class='ocrx_word' id='word_1_195' title='bbox 1132 1910 1278 1948; x_wconf 79' lang='lat' dir='ltr'>contra</span> <span class='ocrx_word' id='word_1_196' title='bbox 1291 1908 1457 1948; x_wconf 86' lang='lat' dir='ltr'>nullum</span> 
     </span>
     <span class='ocr_line' id='line_1_32' title="bbox 103 1966 851 2020; baseline 0 -14"><span class='ocrx_word' id='word_1_197' title='bbox 103 1966 279 2007; x_wconf 82' lang='lat' dir='ltr'>verbum</span> <span class='ocrx_word' id='word_1_198' title='bbox 314 1966 561 2020; x_wconf 80' lang='lat' dir='ltr'>ambiguum</span> <span class='ocrx_word' id='word_1_199' title='bbox 596 1981 685 2006; x_wconf 85' lang='lat' dir='ltr'>esse</span> <span class='ocrx_word' id='word_1_200' title='bbox 718 1969 851 2019; x_wconf 84' lang='lat' dir='ltr'>putat.</span> 
     </span>
    </p>

    <p class='ocr_par' dir='ltr' id='par_1_15' title="bbox 101 2023 1456 2182">
     <span class='ocr_line' id='line_1_33' title="bbox 192 2023 1456 2077; baseline 0 -13"><span class='ocrx_word' id='word_1_201' title='bbox 192 2023 295 2065; x_wconf 86' lang='lat' dir='ltr'><strong>XIII</strong></span> <span class='ocrx_word' id='word_1_202' title='bbox 328 2024 437 2073; x_wconf 86' lang='lat' dir='ltr'>Quid</span> <span class='ocrx_word' id='word_1_203' title='bbox 464 2024 585 2065; x_wconf 84' lang='lat' dir='ltr'>Titus</span> <span class='ocrx_word' id='word_1_204' title='bbox 613 2023 841 2064; x_wconf 76' lang='lat' dir='ltr'>Castricius</span> <span class='ocrx_word' id='word_1_205' title='bbox 875 2024 924 2064; x_wconf 91' lang='lat' dir='ltr'>de</span> <span class='ocrx_word' id='word_1_206' title='bbox 956 2024 1095 2064; x_wconf 77' lang='lat' dir='ltr'>verbis</span> <span class='ocrx_word' id='word_1_207' title='bbox 1129 2025 1263 2077; x_wconf 85' lang='lat' dir='ltr'>deque</span> <span class='ocrx_word' id='word_1_208' title='bbox 1293 2026 1456 2065; x_wconf 87' lang='lat' dir='ltr'>senten-</span> 
     </span>
     <span class='ocr_line' id='line_1_34' title="bbox 101 2081 1453 2137; baseline 0 -14"><span class='ocrx_word' id='word_1_209' title='bbox 101 2083 161 2123; x_wconf 86' lang='lat' dir='ltr'>tia</span> <span class='ocrx_word' id='word_1_210' title='bbox 201 2084 382 2137; x_wconf 89' lang='lat' dir='ltr'>quadam</span> <span class='ocrx_word' id='word_1_211' title='bbox 417 2082 458 2123; x_wconf 85' lang='lat' dir='ltr'>C.</span> <span class='ocrx_word' id='word_1_212' title='bbox 488 2081 665 2123; x_wconf 84' lang='lat' dir='ltr'>Gracchi</span> <span class='ocrx_word' id='word_1_213' title='bbox 701 2083 972 2136; x_wconf 73' lang='lat' dir='ltr'>existimarit3</span> <span class='ocrx_word' id='word_1_214' title='bbox 1012 2083 1209 2136; x_wconf 85' lang='lat' dir='ltr'>quodque</span> <span class='ocrx_word' id='word_1_215' title='bbox 1242 2098 1331 2123; x_wconf 91' lang='lat' dir='ltr'>esse</span> <span class='ocrx_word' id='word_1_216' title='bbox 1363 2098 1453 2123; x_wconf 87' lang='lat' dir='ltr'>eam</span> 
     </span>
     <span class='ocr_line' id='line_1_35' title="bbox 102 2142 1050 2182; baseline -0.001 0"><span class='ocrx_word' id='word_1_217' title='bbox 102 2142 194 2182; x_wconf 84' lang='lat' dir='ltr'>sine</span> <span class='ocrx_word' id='word_1_218' title='bbox 225 2142 315 2182; x_wconf 88' lang='lat' dir='ltr'>ullo</span> <span class='ocrx_word' id='word_1_219' title='bbox 350 2156 495 2182; x_wconf 86' lang='lat' dir='ltr'>sensus</span> <span class='ocrx_word' id='word_1_220' title='bbox 529 2142 815 2182; x_wconf 83' lang='lat' dir='ltr'>emolumento</span> <span class='ocrx_word' id='word_1_221' title='bbox 850 2142 1050 2182; x_wconf 87' lang='lat' dir='ltr'>docuerit.</span> 
     </span>
    </p>

    <p class='ocr_par' dir='ltr' id='par_1_16' title="bbox 100 2198 1454 2299">
     <span class='ocr_line' id='line_1_36' title="bbox 191 2198 1454 2255; baseline 0 -15"><span class='ocrx_word' id='word_1_222' title='bbox 191 2199 293 2240; x_wconf 88' lang='lat' dir='ltr'>XIV</span> <span class='ocrx_word' id='word_1_223' title='bbox 327 2198 478 2241; x_wconf 83' lang='lat' dir='ltr'>Sobria</span> <span class='ocrx_word' id='word_1_224' title='bbox 511 2203 552 2240; x_wconf 88' lang='lat' dir='ltr'>et</span> <span class='ocrx_word' id='word_1_225' title='bbox 584 2199 869 2253; x_wconf 84' lang='lat' dir='ltr'>pulcherrima</span> <span class='ocrx_word' id='word_1_226' title='bbox 895 2199 1068 2240; x_wconf 87' lang='lat' dir='ltr'>Romuli</span> <span class='ocrx_word' id='word_1_227' title='bbox 1098 2201 1209 2255; x_wconf 82' lang='lat' dir='ltr'>regis</span> <span class='ocrx_word' id='word_1_228' title='bbox 1234 2201 1454 2254; x_wconf 86' lang='lat' dir='ltr'>responsio</span> 
     </span>
     <span class='ocr_line' id='line_1_37' title="bbox 100 2271 495 2299; baseline 0.003 -1"><span class='ocrx_word' id='word_1_229' title='bbox 100 2271 211 2299; x_wconf 84' lang='lat' dir='ltr'>circa</span> <span class='ocrx_word' id='word_1_230' title='bbox 242 2273 330 2299; x_wconf 80' lang='lat' dir='ltr'>vini</span> <span class='ocrx_word' id='word_1_231' title='bbox 361 2273 495 2299; x_wconf 87' lang='lat' dir='ltr'>usum.</span> 
     </span>
    </p>
   </div>
  </div>
 </body>
</html>
