1591 2474
139 61 194 102 48
518 91 523 98 ,
778 60 839 96 13

137 183 254 209 secus
293 169 453 210 utilitas
491 169 614 209 amici
649 171 721 209 aut
754 169 951 209 honestas
983 172 1125 210 nostra
1157 170 1368 221 consistit,
1406 170 1478 210 110-

137 230 275 268 nestas
310 228 456 283 pmcul
488 227 615 267 dubio
646 227 970 280 praeponderat3
1003 241 1097 268 cum
1124 242 1222 269 vero
1249 228 1373 268 amici
1399 228 1478 268 uti-

136 286 232 326 litas
271 286 401 325 nimio
441 288 504 325 est
541 285 739 338 amplior,
779 286 1013 326 honestatis
1051 289 1192 327 autem
1230 289 1398 327 nostrae
1436 286 1480 326 in

136 358 180 384 re
215 358 301 384 non
333 345 450 398 gravi
483 344 586 384 levis
619 344 778 384 iactura
811 347 884 396 est,
916 347 1029 396 tunc,
1062 345 1174 397 quod
1207 345 1310 385 utile
1343 345 1477 385 amico

137 405 211 454 est,
243 403 284 442 id
316 417 415 455 prae
448 403 534 454 illo,
567 402 677 455 quod
712 403 936 443 honestum
969 403 1092 443 nobis
1122 406 1195 455 est,
1227 404 1276 443 fit
1302 403 1479 456 plenius,

138 461 261 501 sicuti
311 463 372 500 est
422 474 623 514 magnum
674 461 838 514 pondus
885 461 991 502 aeris
1035 475 1162 514 parva
1206 462 1346 501 lamna
1389 461 1479 501 auri

138 518 391 571 pretiosius?

227 576 367 617 Verba
405 577 508 617 adeo
548 577 638 630 ipsa
677 576 709 616 T
720 577 810 617 heo
821 578 913 629 phi
920 578 1017 618 asti
1049 578 1119 629 (fr.
1141 580 1194 618 81
1218 577 1276 619 W
1273 578 1318 630 i.)
1357 592 1481 631 supei

80 648 124 677 26
140 651 187 676 ea
225 650 267 675 16
306 635 525 688 adscripsi:
573 634 696 683 Οὐκ,
738 636 779 675 εἰ
819 636 878 689 δή
916 650 1012 677 που
1050 641 1200 677 τοῦτο
1239 641 1304 691 τῷ
1343 635 1477 688 γένει

138 694 463 748 τιμιώτερον,
494 694 588 746 ἤδη
621 696 723 746 καί,
756 693 934 734 ὁτιοῦν
961 693 1020 735 ἂν
1049 711 1071 748 ι]
1097 693 1248 747 μέρος
1273 709 1423 735 τουτο
1433 710 1480 747 υ,

138 754 264 806 πρὸς
301 753 354 793 τὸ
394 754 604 805 πηλίκον
637 751 864 823 θατεροη
898 755 1311 806 συγκρινόμενον
1344 753 1479 807 αἶρε-

138 813 227 853 τὸν
252 812 404 851 ἐσται.
457 812 597 863 Λέγω
625 808 678 851 δὲ
705 813 837 861 οἱον
865 810 975 862 οὐκ
1002 812 1044 852 εἰ
1068 813 1285 865 χρυσίον
1304 812 1480 864 τιμιώ-

139 885 288 923 τερον
320 872 529 922 χαλκοῦ,
562 868 644 909 καὶ
676 871 888 920 τηλίκου
914 875 1004 909 τοῦ
1031 872 1249 923 χρυσίου
1276 870 1401 923 πρὸς
1426 870 1479 910 τὸ

139 930 350 981 τηλίκου
395 930 584 980 χαλκοῦ
627 926 848 980 μέγεθος
892 927 1442 982 ἀντιπαραβαλλόμενο
1455 944 1480 968 ν

138 986 293 1027 πλέον
338 986 493 1035 δόξει·
539 986 664 1026 ἀλλὰ
708 986 912 1037 ποιήσει
952 987 1065 1027 τινὰ
1103 987 1267 1039 ῥοπὴν
1304 985 1386 1026 καὶ
1425 987 1478 1027 τὸ

138 1048 338 1097 πλῆθος
369 1043 451 1084 καὶ
484 1045 537 1084 τὸ
570 1043 801 1097 μέγεθος.

81 1115 124 1144 27
229 1102 260 1143 F
269 1117 292 1143 a
301 1117 325 1142 v
336 1116 358 1142 ο
368 1103 444 1143 rin
453 1118 479 1142 11
489 1117 506 1142 s
551 1116 719 1155 quoque
764 1102 1042 1156 philosophus
1088 1102 1379 1143 huiuscemodi
1420 1103 1479 1142 in-

141 1162 401 1216 dulgentiam
437 1161 596 1215 gratiae
629 1161 878 1214 tempestive
910 1162 1050 1201 laxato
1084 1162 1257 1214 paulum
1290 1162 1480 1202 remisso—

141 1235 221 1273 que
248 1220 394 1260 subtili
420 1220 605 1260 iustitiae
632 1220 822 1260 examine
847 1220 912 1259 his
933 1220 1070 1260 vei-bis
1093 1220 1282 1260 definivit
1302 1220 1482 1271 (11102

142 1278 272 1329 Ma.):
295 1276 351 1318 ‘H
378 1277 636 1331 καλουμέν
650 1294 670 1330 η
697 1278 843 1332 χάρις
868 1278 1001 1330 παρὰ
1027 1286 1136 1325 τοῖς
1162 1277 1479 1332 ἀνθρώποις,

140 1338 291 1377 τοῦτό
325 1336 465 1377 ἐστιν
501 1336 681 1386 ὕφεσις
713 1336 981 1389 ἀκριβείας
1014 1336 1066 1376 ἐν
1099 1335 1285 1377 δέοντι.

82 1406 124 1435 28
228 1394 330 1443 Post
369 1394 517 1435 deinde
555 1394 665 1434 idem
698 1394 1078 1447 Theophrastus
1117 1395 1167 1434 ad
1205 1395 1313 1434 hanc
1350 1394 1480 1435 ferme

141 1454 393 1493 sententiam
444 1452 654 1493 disseruit:
707 1452 809 1493 ‘Has
854 1453 1010 1493 tamen’
1055 1454 1193 1506 inquit
1238 1453 1481 1506 ‘parvitates

141 1526 279 1551 rerum
324 1514 365 1552 et
409 1511 720 1565 magnitudines
765 1515 891 1564 atque
934 1511 1009 1551 has
1055 1526 1198 1551 omnes
1244 1511 1481 1551 officiorum

141 1570 453 1610 aestimationes
495 1570 576 1609 alia
614 1584 932 1622 nonnumquam
971 1572 1184 1609 momenta
1223 1570 1480 1609 extrinsecus

141 1631 267 1681 atque
305 1629 410 1668 aliae
450 1629 568 1680 quasi
600 1628 851 1681 appendices
885 1642 1158 1681 personarum
1191 1631 1231 1668 et
1264 1642 1482 1667 causarum

143 1690 183 1726 et
208 1690 448 1739 temporum
475 1689 516 1726 et
542 1687 880 1727 circumstantiae
908 1687 1038 1739 ipsius
1064 1687 1345 1738 necessitates,
1379 1700 1481 1738 quas

142 1745 354 1785 includere
386 1745 429 1784 in
461 1747 684 1797 praecepta
710 1744 934 1795 difficilest,
966 1744 1237 1785 moderantur
1263 1747 1304 1784 et
1330 1746 1482 1797 regunt

143 1806 184 1843 et
211 1804 329 1855 quasi
356 1803 593 1856 gubernant
619 1806 660 1843 et
686 1817 797 1843 nunc
817 1806 927 1843 ratas
949 1804 1149 1854 efficiunt,
1176 1816 1287 1842 nunc
1307 1802 1480 1842 inritas’

85 1872 127 1901 29
232 1860 346 1901 Haec
381 1862 565 1913 taliaque
597 1860 630 1900 T
640 1861 667 1901 11
677 1876 697 1901 6
708 1876 730 1901 0
741 1876 766 1914 p
776 1861 803 1901 h
814 1876 862 1901 ra
873 1876 889 1901 s
900 1864 950 1901 tu
961 1876 978 1900 s
1012 1862 1111 1901 satis
1145 1864 1263 1901 caute
1297 1864 1337 1901 et
1369 1861 1480 1900 solli-

144 1920 223 1959 cite
256 1922 297 1959 et
329 1920 523 1972 religiose
556 1933 650 1959 cum
684 1919 945 1960 discernendi
977 1920 1110 1973 magis
1138 1918 1481 1972 disceptandique

240 2050 255 2078 1
284 2045 379 2077 AVT
401 2044 698 2078 HONESTITAS
719 2049 747 2078 A
766 2047 776 2088 Η
798 2048 815 2077 G
845 2045 938 2090 auri]
960 2048 987 2078 A
1015 2045 1093 2078 auri
1121 2045 1161 2078 fit
1181 2045 1242 2087 (sit
1261 2048 1298 2087 P)
1320 2059 1346 2078 ω
1367 2046 1377 2087 ΙΙ
1397 2048 1415 2077 9
1439 2055 1481 2078 ea

142 2103 181 2125 re
202 2092 332 2136 (grecis
353 2095 394 2131 Β.)
416 2091 545 2134 scripsi
565 2095 661 2124 PRV
680 2097 682 2100 ⁴
702 2093 876 2125 “sossio
898 2092 1116 2134 (ΤΟΥΤΟΥ
1137 2092 1482 2134 ·1“(ι)Ρ’)ΓΞΝΞιΡν

143 2139 689 2183 cr›1-›⁴.H01·tz,qzoietiamvtfrqfil
704 2143 744 2172 12
759 2140 888 2172 owe!
903 2139 1082 2172 ΧΡΥΕΟΝ
1096 2141 1156 2170 PV
1167 2149 1255 2172 corr.
1270 2138 1462 2171 Buecheler
1472 2137 1483 2181 {1

146 2189 187 2218 13
221 2185 384 2217 ><÷³1COY
410 2188 471 2217 PV
491 2186 501 2227 ΙΙ
525 2188 565 2217 14
592 2184 747 2229 μέγεθος
773 2186 836 2218 del.
866 2186 1026 2229 Heylbtct
1046 2187 1055 2228 ΙΙ
1079 2188 1119 2218 18
1145 2184 1247 2228 rem]
1275 2187 1304 2216 A
1328 2184 1483 2227 permis-

144 2242 257 2274 soque
278 2246 304 2265 ω
344 2236 385 2264 22
409 2232 536 2275 ferme]
559 2235 585 2263 A
608 2243 670 2274 per
686 2243 743 2265 me
760 2246 785 2265 ω
809 2235 867 2265 Ἰ23
889 2231 1092 2275 prauitates
1107 2234 1249 2274 PV1226
1273 2230 1347 2263 alia
1361 2234 1458 2263 PRV
1481 2235 1482 2274 ]

145 2282 186 2312 31
216 2278 421 2312 disserendi
449 2289 468 2315 ς

1502 711 1534 736 10

1500 1002 1530 1028 15

1501 1294 1533 1319 20

1502 1585 1533 1610 25

1501 1876 1534 1901 30
