1611 2474
189 54 273 94 212
785 54 817 87 V
844 58 880 95 2;
907 58 926 86 3

190 162 327 203 sidens
360 162 403 202 in
435 175 482 202 eo
515 160 754 201 Alexander
780 161 891 202 bello
918 160 1061 202 Indico
1088 165 1129 203 et
1153 163 1339 203 facinora
1364 163 1522 204 faciens

189 221 323 262 fortia'
347 221 391 260 in
421 220 607 260 hostium
640 233 817 260 cuneum
849 234 934 260 non
966 221 1066 261 satis
1099 220 1179 261 sibi
1211 221 1434 275 providens
1463 222 1521 262 in-

190 280 372 320 misisset
405 279 687 331 coniectisque
718 278 903 332 undique
934 279 978 319 in
1003 278 1289 320 Alexandrum
1314 280 1409 320 telis
1435 281 1522 320 vul-

190 338 359 378 neribus
392 337 488 377 altis
520 337 564 377 in
595 338 754 378 cervice
779 339 906 390 atque
931 338 974 378 in
999 339 1128 379 latere
1154 352 1285 391 equus
1310 338 1522 392 perfossus

190 400 316 449 esset,
360 396 635 436 moribundus
680 398 821 436 tamen
864 410 911 436 ac
955 411 1086 450 prope
1130 397 1213 437 iam
1257 397 1460 451 exanguis
1501 411 1523 438 e

190 455 338 495 mediis
370 454 563 495 hostibus
595 468 737 509 regem
768 455 1034 495 vivacissimo
1067 470 1190 496 cursu
1215 455 1361 496 retulit
1385 457 1522 509 atque,

189 514 262 554 ubi
294 528 389 554 eum
423 516 540 554 extra
571 513 655 553 tela
687 514 911 566 extulerat,
945 514 1043 554 ilico
1076 514 1259 555 concidit
1290 516 1332 555 et
1364 514 1523 555 domini

190 573 273 612 iam
311 572 549 626 superstitis
588 586 756 612 securus
794 573 912 625 quasi
951 587 1045 614 cum
1078 587 1223 613 sensus
1254 572 1428 613 humani
1460 586 1523 613 so-

155 631 295 673 slacio
340 631 523 671 animam
566 631 805 684 exspiravit.
872 630 979 671 Tum
1019 645 1091 671 rex
1129 630 1367 672 Alexander
1403 633 1523 684 parta

190 690 278 730 eius
311 689 412 730 belli
443 689 619 729 victoria
652 689 853 743 oppidum
886 689 930 730 in
962 689 1092 730 isdem
1121 690 1225 731 locis
1251 690 1438 730 condidit
1464 690 1522 730 id-

191 762 271 802 que
310 748 362 788 ob
395 748 492 801 equi
523 747 704 788 honores
737 747 1038 801 ‘Bucephalon’
1072 748 1312 802 appellavit.

827 864 888 905 HI

191 945 291 987 Quae
312 956 422 979 causa
442 945 612 989 quodque
633 944 781 978 initium
802 944 914 979 fuisse
934 945 1079 979 dicatur
1095 945 1317 989 Protagorae
1338 945 1384 979 ad
1404 944 1522 988 philo-

237 992 388 1036 sophiae
415 992 558 1026 litteras
586 992 756 1025 adeundi.

158 1090 173 1119 1
278 1075 626 1130 Protagoram,
663 1077 799 1116 virum
838 1076 882 1116 in
913 1076 1061 1116 studiis
1094 1076 1377 1117 doctrinarum
1409 1090 1523 1131 egre-

193 1135 326 1189 gium,
372 1135 489 1176 cuius
532 1148 686 1175 nomen
723 1133 867 1175 Plato
904 1134 1014 1174 libro
1053 1149 1128 1175 suo
1167 1135 1230 1175 illi
1266 1134 1425 1176 incluto
1464 1135 1523 1175 in-

194 1193 373 1247 scripsit,
405 1193 711 1233 adulescentem
746 1193 864 1233 aiunt
894 1193 1029 1234 victus
1062 1194 1286 1247 quaerendi
1318 1193 1452 1248 gratia
1480 1193 1524 1233 in

194 1252 426 1293 mercedem
476 1252 650 1292 missum
694 1254 968 1305 vecturasque
1014 1266 1186 1293 onerum
1230 1265 1403 1306 corpore
1447 1266 1522 1293 suo

160 1310 468 1363 2faetitavisse,
518 1311 631 1364 quod
674 1324 805 1365 genus
849 1308 994 1351 Graeci
1038 1310 1318 1364 ἀχθοφόρους
1359 1313 1523 1364 vocant,

160 1370 343 1423 3Latine
377 1368 570 1409 ‘baiulos’
605 1369 876 1422 appellamus.
934 1368 975 1409 Is
1008 1369 1057 1409 de
1090 1369 1282 1423 proximo
1314 1384 1408 1410 rure
1440 1368 1523 1410 Ab-

196 1429 293 1468 dera
329 1429 374 1468 in
406 1427 626 1481 oppidum,
664 1428 781 1468 cuius
813 1427 1030 1481 popularis
1061 1429 1160 1480 fuit,
1198 1427 1387 1468 caudices
1418 1428 1524 1483 ligni

159 1486 400 1540 4plurimos
443 1486 632 1527 funiculo
674 1486 790 1526 brevi
829 1486 1105 1527 circumdatos
1142 1486 1348 1539 portabat.
1416 1485 1523 1527 Tum

193 1546 302 1586 forte
327 1544 666 1597 Democritus,
697 1544 878 1585 civitatis
910 1545 1095 1585 eiusdem
1127 1545 1241 1597 civis,
1271 1544 1399 1585 homo
1427 1547 1524 1586 ante

192 1605 297 1645 alios
336 1603 505 1643 virtutis
543 1606 584 1643 et
621 1603 914 1656 philosophiae
949 1604 1084 1658 gratia
1114 1603 1391 1656 venerandus,
1428 1618 1523 1644 cum

193 1662 460 1717 egrederetur
497 1664 613 1702 extra
650 1662 814 1715 urbem,
852 1662 963 1702 videt
1001 1677 1095 1702 eum
1134 1676 1228 1702 cum
1266 1661 1339 1702 illo
1375 1675 1524 1716 genere

195 1721 333 1762 oneris
377 1723 464 1761 tam
507 1720 710 1774 impedito
755 1734 803 1761 ac
845 1723 931 1761 tam
976 1720 1196 1761 incohibili
1238 1719 1361 1761 facile
1398 1723 1524 1774 atque

195 1779 388 1833 expedite
438 1779 699 1819 incedentem
743 1782 785 1820 et
827 1793 958 1833 prope
1001 1779 1160 1820 accedit
1203 1782 1245 1819 et
1287 1779 1523 1820 iuncturam

289 1921 305 1950 1
334 1917 466 1950 Fronto
486 1929 519 1961 p.
542 1921 597 1960 68,
619 1920 637 1950 7
652 1916 695 1951 N.
723 1917 840 1951 Amm.
862 1917 961 1950 XXII
980 1921 1012 1959 8,
1034 1920 1076 1950 34
1220 1920 1240 1950 6
1265 1917 1382 1950 Amm.
1408 1916 1524 1950 XXVI

196 1968 226 2006 7,
254 1968 272 1997 ‘2
419 1967 460 1997 15
475 1975 552 2007 sqq.
584 1964 689 2008 Diog.
717 1964 754 1998 L.
781 1964 830 1997 IX
856 1967 887 2007 8,
914 1968 934 1997 4
956 1966 1025 2008 (53)
1054 1964 1083 1996 X
1104 1968 1123 1997 4
1145 1965 1192 2007 (8)
1212 1964 1343 1997 Athen.
1370 1963 1453 1998 VH]
1479 1967 1522 1997 50

195 2023 228 2054 p.
251 2015 332 2044 354⁰
358 2012 415 2055 (=
436 2011 580 2054 Epicur.
602 2011 644 2044 fr.
668 2014 732 2044 172
754 2011 827 2054 Us.)
974 2014 1013 2044 19
1042 2010 1130 2044 CGL
1148 2011 1181 2044 H
1201 2014 1278 2053 254,
1301 2014 1343 2044 26
1358 2021 1408 2054 sq.

289 2143 308 2172 2
336 2151 417 2173 cum
444 2151 527 2174 eum
545 2144 571 2172 P
597 2151 751 2174 cuneum
772 2139 912 2186 (eum)
934 2141 1057 2180 Hertz,
1083 2139 1146 2183 qui
1164 2140 1271 2173 etiam
1290 2138 1384 2185 (se)
1406 2139 1492 2174 inm.
1512 2138 1525 2184 Η

197 2191 216 2220 5
246 2188 342 2220 esset
363 2188 474 2220 Hertz
500 2188 555 2220 est
575 2200 613 2228 ω,
639 2187 734 2221 unde
758 2197 871 2229 supra
896 2186 1071 2220 coniectis
1098 2197 1118 2219 6
1135 2187 1146 2229 ΙΙ
1166 2189 1185 2219 6
1211 2186 1351 2231 regem]
1377 2186 1522 2220 alexan-

197 2233 577 2314 (llguffiefflffiesqspitis
598 2233 784 2279 Euss‘nerll
799 2237 840 2267 13
861 2233 1022 2267 dictatur
1042 2246 1068 2266 ω
1081 2232 1093 2278 Η
1108 2236 1149 2266 16
1171 2233 1317 2277 scripsit
1331 2246 1357 2266 ω
1377 2244 1465 2268 corr.
1481 2232 1526 2278 σΙῙ

1543 708 1576 733 10

1543 1093 1574 1120 15

1544 1680 1576 1705 25
