1591 2474
167 95 220 136 68
536 79 547 84 ‘
791 96 806 128 1
834 100 875 129 13

167 204 300 256 prius,
338 217 443 256 quae
476 203 698 243 metuenda
731 206 885 255 essent,
917 203 951 242 si
984 217 1047 243 res
1079 206 1196 257 gesta
1228 204 1349 243 aliter
1379 202 1499 254 foret,

167 276 293 314 quam
323 262 573 314 imperatum
600 265 674 313 est,
706 276 801 302 cum
828 262 1110 302 emolumento
1138 262 1227 315 spei
1253 261 1499 315 pensitanda

167 335 255 361 esse
288 323 339 372 et,
370 321 406 360 si
438 334 485 360 ea
516 320 674 360 leviora
706 321 963 372 minoraque,
994 321 1154 360 utilitas
1187 323 1327 360 autem
1354 322 1499 360 contra

168 379 335 433 gravior
377 382 418 418 et
461 379 641 431 amplior
678 393 750 431 spe
788 382 991 430 quantum
1031 382 1169 431 potest
1207 380 1327 418 firma
1365 381 1500 418 osten-

168 439 345 488 deretur,
376 440 467 477 tum
500 451 622 489 posse
654 438 873 477 adversum
903 437 1098 477 mandata
1123 438 1212 477 fieri
1240 439 1501 488 censuerunt,
1539 453 1553 477 5

168 511 219 536 ne
258 496 398 536 oblata
438 495 638 536 divinitus
677 496 736 535 rei
772 496 875 535 bene
908 496 1111 549 gerendae
1145 496 1306 536 occasio
1339 495 1501 535 amitte—

134 558 299 607 oretur,
337 568 472 606 neque
511 554 743 594 timendum
782 555 1020 607 exemplum
1053 569 1138 594 non
1170 554 1343 607 parendi
1374 553 1502 594 credi-

169 614 331 665 derunt,
360 614 394 653 si
420 613 603 653 rationes
629 613 848 653 dumtaxat
873 613 1162 653 huiuscemodi
1188 628 1272 653 non
1298 613 1501 652 abessent.

135 684 153 713 7
170 671 424 724 Cumprimis
468 675 607 711 autem
652 672 958 724 respiciendum
998 674 1250 724 putaverunt
1288 671 1503 725 ingenium

169 733 446 782 naturamque
486 731 618 781 illius,
662 731 754 770 cuia
791 745 855 770 res
895 733 1246 783 praeceptumque
1284 732 1408 770 esset:
1452 743 1503 769 ne
1524 746 1557 770 10

169 790 300 840 ferox,
321 789 460 840 durus,
479 789 709 829 indomitus
726 789 1081 841 inexorabilisque
1096 789 1161 841 sit,
1181 789 1321 841 qualia
1334 788 1505 828 fuerunt

137 847 444 888 r&Postumiana
481 847 656 900 imperia
695 850 735 888 et
773 847 994 887 Manliana.
1056 846 1166 887 Nam
1205 847 1239 887 si
1277 847 1351 887 tali
1389 861 1504 899 prae-

172 907 332 960 ceptori
365 906 471 946 ratio
505 905 712 946 reddenda
745 906 811 958 sit,
842 905 948 946 nihil
979 906 1215 946 faciendum
1246 920 1333 945 esse
1360 919 1505 945 monu-

173 967 294 1005 erunt
326 965 464 1016 aliter,
496 979 622 1017 quam
655 968 925 1017 praeceptum
958 967 1030 1004 est.

139 1036 157 1065 9
260 1022 511 1063 Instructius
551 1023 904 1075 deliberatiusque
942 1023 1030 1063 fore
1062 1022 1316 1062 arbitramur
1346 1021 1507 1062 theore-
1526 1038 1559 1062 15

174 1082 350 1122 matium
384 1081 465 1121 1100
497 1082 547 1121 (10
580 1082 786 1122 mandatis
818 1081 1108 1122 huiuscemodi
1140 1081 1435 1133 obsequendis,
1473 1081 1508 1120 si

175 1141 414 1193 exemplum
453 1154 620 1193 quoque
658 1140 702 1179 P.
736 1139 874 1180 Crassi
908 1140 1110 1191 Muciani,
1148 1140 1248 1179 clari
1285 1142 1410 1191 atque
1448 1139 1507 1178 in-

119 1211 161 1241 10
177 1200 279 1240 cluti
322 1199 419 1251 viri,
462 1199 793 1251 apposuerimus.
860 1198 900 1238 Is
939 1197 1111 1238 Crassus
1152 1213 1174 1238 a
1213 1196 1507 1250 Sempronio

175 1258 437 1299 Asellione
475 1259 545 1309 (fr.
573 1260 600 1298 8
625 1257 696 1311 P.)
734 1260 775 1297 et
812 1258 1022 1310 plerisque
1060 1257 1152 1297 aliis
1190 1256 1388 1296 historiae
1426 1255 1508 1295 Ro-

176 1331 323 1357 manae
368 1316 643 1369 scriptoribus
687 1316 866 1356 traditur
908 1315 1104 1356 habuisse
1149 1316 1333 1367 quinque
1370 1329 1509 1354 rerum
1529 1330 1562 1355 ρο

177 1376 383 1416 bonarum
415 1375 598 1414 maxima
630 1377 671 1415 et
702 1375 944 1427 praecipua:
983 1374 1095 1426 quod
1127 1377 1235 1414 esset
1267 1373 1510 1424 ditissimus,

179 1434 292 1487 quod
322 1433 635 1485 nobilissimus,
672 1433 786 1485 quod
823 1433 1210 1485 eloquentissimus,
1248 1432 1361 1484 quod
1392 1431 1510 1471 iuris-

122 1504 162 1534 11
179 1493 534 1544 consultissimus,
578 1491 690 1544 quod
734 1492 925 1544 pontifex
969 1491 1186 1530 maximus.
1255 1489 1294 1530 Is
1336 1504 1430 1530 cum
1468 1490 1513 1529 in

180 1552 400 1592 consulatu
433 1550 642 1590 obtineret
672 1548 817 1590 Asiam
851 1550 1109 1603 provinciam
1142 1552 1183 1589 et
1211 1548 1511 1589 circumsedere

180 1623 508 1663 oppugnareque
539 1608 697 1649 Leucas
735 1611 900 1661 pararet
939 1622 1126 1661 opusque
1162 1610 1270 1648 esset
1300 1607 1421 1647 firma
1452 1609 1511 1647 at·
1531 1622 1563 1647 25

180 1683 261 1721 que
293 1681 465 1721 procera
490 1668 621 1719 trabe,
653 1668 725 1719 qui
751 1667 922 1707 arietem
948 1667 1114 1719 faceret,
1146 1680 1229 1718 quo
1255 1680 1397 1706 muros
1424 1666 1511 1705 eius

181 1727 326 1780 oppidi
364 1729 572 1779 quateret,
609 1726 776 1778 scripsit
813 1726 865 1765 ad
902 1726 1148 1779 magistrum
1183 1724 1513 1778 Mylattensium,

278 1846 318 1875 12
346 1841 408 1874 cfr.
431 1840 529 1883 Otto,
556 1840 730 1884 Sprichw.
751 1852 785 1884 p.
808 1844 874 1873 209

276 1951 295 1979 2
334 1951 366 1981 et
405 1951 447 1980 14
485 1947 580 1980 esset
614 1946 716 1991 May.
741 1948 745 1988 Ι
767 1945 820 1979 rei
857 1946 948 1991 β118
987 1945 1158 1978 adessent
1188 1947 1249 1977 Pv
1287 1943 1457 1977 deessent
1485 1947 1515 1976 R

182 2005 270 2028 corr.
299 1995 389 2036 5119
428 1993 680 2036 recipiendum
710 1996 736 2025 Ρ
767 1992 997 2036 respicienda
1028 1995 1057 2024 R
1076 1993 1086 2034 ΙΙ
1107 1995 1150 2025 10
1181 1990 1264 2024 01113
1298 1991 1425 2025 Carrio
1456 1989 1515 2024 cui

184 2051 227 2074 ea
265 2054 291 2073 co
312 2043 322 2083 Η
344 2044 385 2073 12
423 2040 608 2083 postumia
638 2043 699 2072 Pv
721 2042 724 2083 Ι
747 2038 950 2072 maniliana
989 2052 1015 2072 ω
1035 2041 1046 2082 ΙΙ
1068 2042 1108 2072 16
1147 2036 1394 2071 cuiuscemodi
1424 2040 1486 2069 Pv
1508 2036 1512 2081 Ι

184 2087 410 2129 obsequendi
436 2087 484 2132 ωΗ
500 2090 540 2119 17
569 2097 611 2120 30
625 2086 766 2131 PV1119
794 2085 954 2120 asellone
980 2085 1088 2131 ‹01123
1114 2084 1167 2129 in]
1194 2094 1237 2118 ex
1262 2084 1516 2128 Oarmeyieterss

185 2137 227 2166 26
261 2133 339 2178 qui]
372 2144 445 2175 qua
476 2137 502 2165 P
533 2143 627 2176 quae
659 2135 773 2177 §1127
804 2143 900 2176 mag.
934 2134 1043 2176 (mag.
1070 2133 1112 2175 V)
1145 2131 1184 2165 G.
1211 2130 1305 2164 mole
1337 2132 1449 2174 (more
1476 2131 1515 2174 P)

185 2180 455 2214 atheniensium
487 2179 714 2223 (attenisium
739 2181 780 2223 V)
807 2193 833 2212 ω
860 2179 1077 2223 magistrum
1103 2177 1353 2211 architectona
1378 2176 1516 2210 Molea-

184 2227 343 2261 tensium
363 2228 385 2272 β
409 2227 648 2270 magistratus
675 2228 783 2271 (-tum
803 2228 837 2269 ς)
861 2225 1124 2269 Mylasensium
1150 2235 1175 2258 s.
1196 2223 1388 2258 —ttensium
1406 2224 1513 2258 Mms.

185 2272 422 2319 ἀρχιτέκτονα
448 2273 534 2316 Myl.
563 2274 674 2307 Hertz
699 2273 917 2317 magistrum
941 2271 1241 2316 Mytilenensium
1266 2271 1396 2316 Bergk,
1421 2271 1516 2316 cogi-

185 2322 260 2355 tavi
285 2320 326 2355 de
351 2319 616 2363 Myrinensium
641 2320 717 2354 coll.
740 2320 943 2362 (Frontin.)
965 2319 1028 2353 IV
1044 2322 1076 2361 5,
1097 2321 1143 2352 16
1403 2340 1405 2342 v
