1617 2484
701 53 730 86 H
760 56 796 95 33
824 57 843 86 4
1389 55 1444 95 95

102 159 286 200 additam
326 174 452 213 supra
490 160 671 200 vidimus
709 160 736 200 h
774 161 959 201 litteram
998 163 1039 201 et
1078 161 1240 202 ‘ahena’
1274 161 1446 202 factum.

103 216 172 258 Sic
217 219 260 258 in
304 218 378 258 illo
424 232 592 271 quoque
631 218 828 273 Vergili
873 234 994 260 versu
1033 220 1076 260 in
1115 220 1286 273 optimis
1325 221 1444 261 libris
1461 233 1480 261 (3

102 277 307 329 scriptum
341 277 577 317 invenimus
610 278 663 329 (js.
685 277 716 317 Ι
729 278 852 330 evm:

160 361 245 399 aut
276 359 419 399 foliis
452 359 631 398 undam
665 359 853 411 trepidi
887 360 1150 413 despumat
1182 360 1340 401 aheni.

66 489 81 514 5
742 474 803 515 IV

100 553 216 595 Quam
247 554 292 587 ob
319 564 468 587 causam
495 554 632 587 Gavius
663 554 793 587 Bassus
820 564 935 598 genus
963 556 1149 599 quoddam
1176 557 1305 590 iudicii
1336 557 1442 591 ‘divi-

146 601 348 635 nationem’
373 600 554 643 appellari
576 601 780 644 scripserim
802 603 839 635 et
859 612 970 644 quam
992 602 1056 635 alii
1078 613 1226 636 causam
1249 614 1325 637 csse
1347 605 1443 638 01115-

147 648 228 681 dem
257 647 426 681 vocabuli
454 648 624 681 dixerint.

187 730 293 771 Cum
320 732 370 772 de
396 732 691 772 Constituendo
718 735 960 773 accusatore
987 734 1202 785 quaeritur
1222 735 1440 775 iudicium-
1458 746 1475 775 1

45 804 79 829 10
99 804 180 843 que
212 804 337 843 super
368 804 416 830 ea
446 804 491 830 re
522 791 721 843 redditur,
756 792 922 831 cuinam
955 792 1225 844 potissimum
1259 808 1308 833 ex
1341 794 1440 833 duo-

99 849 177 889 bus
221 849 467 902 pluribusve
511 850 722 889 accusatio
768 850 1076 903 subscriptiove
1114 851 1158 890 in
1194 865 1312 891 reum
1351 867 1441 905 per-

99 908 310 960 mittatur,
359 922 407 947 ea
455 922 520 948 res
567 910 694 960 atque
737 908 922 948 iudicum
969 910 1157 962 cognitio
1204 910 1439 950 ‘divinatio’

97 967 346 1019 appellatur.
402 964 450 1006 Id
482 966 736 1006 vocabulum
764 981 889 1019 quam
919 967 972 1007 ob
1000 981 1167 1007 causam
1196 969 1255 1008 ita
1280 969 1439 1009 factum
1456 981 1475 1009 2

98 1026 169 1077 sit,
202 1025 346 1077 quaeri
378 1025 496 1065 solet.

44 1097 76 1122 15
188 1082 372 1123 Gavius
409 1082 594 1123 Bassus
639 1083 689 1123 in
732 1084 891 1123 tertio
930 1084 1196 1137 librorum,
1241 1099 1346 1138 quos
1385 1086 1474 1126 de3

98 1141 296 1196 origine
340 1141 701 1181 vocabulorum
747 1142 987 1195 composuit
1025 1143 1095 1194 (fr.
1127 1146 1154 1183 ’3
1180 1143 1266 1187 L.):
1312 1144 1437 1184 divi-

96 1201 246 1241 natio
296 1201 435 1253 inquit
483 1200 747 1240 iudicium
791 1201 1130 1254 appellatur,
1180 1203 1437 1254 quoniam

96 1259 290 1300 divinet
323 1258 687 1312 quodammodo
722 1259 868 1299 iudex
903 1262 1123 1312 oportet,
1157 1274 1300 1312 quam
1331 1275 1438 1301 sen-

95 1318 307 1358 tentiam
346 1331 452 1358 sese
489 1318 620 1357 ferre
658 1331 746 1370 par
783 1318 859 1357 sit.
921 1316 1060 1358 Nimis
1097 1319 1266 1371 quidem
1300 1322 1363 1360 est
1395 1321 1474 1361 in4

42 1390 75 1414 20
94 1376 233 1417 verbis
273 1374 394 1416 Gavi
431 1375 574 1416 Bassi
617 1376 725 1415 ratio
768 1376 1000 1428 inperfecta
1037 1377 1104 1416 vel
1142 1378 1276 1431 magis
1314 1378 1437 1431 inops

95 1437 137 1476 et
174 1435 324 1475 ieiuna.
387 1432 468 1474 Sed
501 1434 667 1474 videtur
697 1436 840 1474 tamen
872 1434 1111 1489 significare
1142 1436 1250 1476 velle
1280 1436 1474 1478 idcirco-5

95 1494 177 1534 dici
210 1493 557 1545 ‘divinationem',
595 1492 709 1545 quod
740 1493 784 1532 in
815 1493 908 1533 aliis
942 1493 1111 1546 quidem
1145 1494 1280 1534 causis
1313 1495 1438 1535 iudex

95 1566 154 1604 ea,
185 1551 348 1605 <quae>
381 1551 527 1591 didicit
559 1565 749 1603 quaeque
782 1552 1041 1605 argumentis
1071 1552 1138 1592 vel
1163 1552 1343 1592 testibus
1370 1553 1437 1593 de-

95 1612 329 1650 monstrata
373 1612 487 1662 sunt,
531 1610 650 1662 sequi
688 1610 813 1661 solet,
857 1610 900 1649 in
937 1609 1017 1649 hac
1055 1612 1195 1650 autem
1233 1625 1296 1662 re,
1341 1624 1435 1650 eum

42 1681 75 1707 25
95 1668 312 1722 eligendus
345 1670 564 1708 accusator
594 1670 669 1720 est,
700 1682 829 1720 parva
855 1668 1081 1707 admodum
1108 1671 1150 1708 et
1175 1669 1301 1708 exilia
1327 1672 1437 1721 sunt,

96 1727 249 1780 quibus
276 1726 436 1766 moveri
462 1726 587 1766 iudex
612 1727 759 1779 possit,
785 1729 827 1766 et
846 1729 1080 1779 propterea,
1108 1726 1279 1779 quinam
1301 1727 1436 1781 magis

95 1785 147 1826 ad
179 1785 458 1825 accusandum
491 1785 666 1824 idoneus
699 1785 770 1837 sit,
804 1785 924 1837 quasi
956 1784 1228 1824 divinandum
1262 1788 1335 1824 est.

154 1842 270 1883 Haec
301 1842 498 1883 Bassus.
556 1841 637 1883 Sed
669 1843 741 1882 alii
774 1842 945 1895 quidam
979 1842 1312 1882 ‘divinationem’
1347 1855 1472 1884 esse6

95 1902 351 1955 appellatam
394 1904 563 1954 putant,
608 1901 826 1954 quoniam,
870 1914 965 1940 cum
1007 1903 1226 1941 accusator
1263 1904 1304 1941 et
1340 1915 1436 1941 reus

191 2027 366 2117 12013het.
388 2026 451 2060 lat.
473 2027 559 2060 min.
583 2029 636 2068 97,
661 2030 677 2059 1
694 2026 736 2059 H.
884 2029 926 2059 22
948 2026 1016 2069 (Ps.
1032 2026 1162 2060 Ascon.
1179 2026 1218 2060 in
1233 2026 1304 2060 Cic.
1322 2026 1433 2060 divin.

94 2085 129 2117 p.
152 2077 194 2107 99
248 2085 274 2106 r.

191 2180 208 2210 1
237 2176 447 2221 (h)ahenam
468 2190 494 2211 ω
514 2179 525 2220 Η
546 2180 564 2210 2
591 2187 738 2210 uersum
757 2181 822 2210 RV
841 2179 851 2220 11
872 2181 892 2210 4
919 2178 998 2221 aut]
1025 2188 1068 2211 eoe
1090 2189 1116 2211 v.
1137 2179 1211 2212 295
1239 2178 1388 2222 Verye'lz'i
1407 2191 1435 2210 ω

95 2224 132 2257 et
163 2224 263 2268 Very.
285 2226 295 2267 Η
316 2227 335 2257 6
361 2224 494 2268 gabius
521 2237 547 2257 ω
567 2225 577 2267 ΙΙ
599 2227 618 2257 S
646 2224 817 2258 dixerunt
843 2237 868 2256 ω
889 2225 899 2267 Η
921 2227 962 2257 18
990 2224 1115 2258 diuine
1137 2237 1163 2257 ω
1189 2235 1277 2259 corr.
1300 2225 1407 2259 Fulv.
1423 2225 1435 2270 Η

95 2274 139 2303 23
166 2280 261 2314 quae
286 2270 370 2304 add.
393 2282 412 2304 σ
