1602 2484
612 60 882 94 PRAEFATIO
1360 62 1417 95 LV

79 168 238 224 7sqq.¹)
271 186 314 210 ex
349 172 527 210 Labeone
560 168 644 219 (ΚΓ.
674 174 745 220 573
780 173 852 220 663
886 174 938 210 93
978 173 1049 210 Me.
1083 186 1171 210 ann.
1204 169 1328 225 719¹)
1368 195 1415 199 —

79 234 114 279 7,
143 233 254 269 5——8
289 232 334 268 do
369 232 504 268 Verrio
539 226 625 282 (Ne.
656 234 756 279 2083
791 227 893 283 270)
926 231 1082 269 dubitat
1108 232 1172 269 Kr.
1203 234 1267 279 71,
1300 234 1417 279 male,

75 304 164 328 nam
203 304 279 329 non
317 291 374 328 ita
411 290 577 337 distant,
616 303 715 339 quae
754 291 801 328 de
838 292 922 337 foro
954 291 1098 329 Paulus
1131 305 1166 340 p.
1202 293 1267 338 84,
1297 294 1332 337 9,
1372 293 1417 330 de

73 353 256 387 conventu
277 364 311 399 p.
335 351 400 397 41,
425 350 488 397 16,
514 363 639 398 neque
664 349 719 386 ibi
746 350 903 398 quidem
931 351 1105 399 exempla
1131 353 1286 388 exstant
1306 346 1349 403 (ἓ
1373 352 1416 403 8)

75 431 130 434 ψ
159 411 181 446 9
213 423 256 447 ex
283 409 396 446 Velio
423 408 557 458 Longo
584 409 607 446 l.
636 409 657 445 l.
693 408 777 460 (ΚΓ.
808 410 877 457 763
907 411 958 447 93
993 410 1062 446 Ru.
1095 412 1144 446 12
1180 410 1240 447 ΕΓ.
1270 405 1415 462 532)2)

75 490 129 493 -κ-
168 471 218 506 10
257 482 301 506 ex
341 465 570 505 ‘medicinae
602 468 830 517 disciplinae
864 465 1001 515 libris’,
1039 469 1105 506 sed
1137 482 1214 506 non
1247 483 1290 507 ex
1323 470 1416 507 Era-

24 558 25 563 ,
74 527 251 574 sisti-ato,
289 540 404 575 quem
443 540 487 564 ex
519 527 610 563 XVI
639 528 662 564 3
702 539 947 576 praesumere
987 527 1128 577 possis;
1167 541 1257 567 nam
1292 529 1324 565 is
1357 542 1417 566 ar-

74 587 192 624 terias
228 588 416 636 sanguiue
449 586 657 624 destitutas
690 598 770 624 esse
803 586 951 633 docuit,
990 588 1056 624 cfr.
1085 586 1218 624 Galen.
1246 587 1304 624 III
1333 589 1415 625 492

73 645 128 681 IV
157 646 258 693 6643
286 646 365 682 671
403 645 437 681 V
467 646 546 682 168
568 645 614 682 Κ.
647 667 702 670 —
736 648 784 682 11
815 658 859 682 ex
887 645 1074 683 Caesellio
1103 640 1187 697 (Kr.
1218 642 1333 699 98)3)
1362 669 1417 672 ⁷*

78 706 127 742 12
162 718 206 742 ex
233 704 358 742 Probo
389 699 473 755 (ΚΓ.
502 705 575 751 483
603 705 655 741 88
690 704 761 741 Me.
789 717 876 742 ann.
908 706 988 742 718
1024 706 1092 741 Ru.
1125 701 1239 758 11)4)
1266 728 1323 731 -—
1353 708 1417 752 13,

77 765 186 801 7—8
226 776 270 801 ex
303 763 497 801 Favorino
531 758 568 815 (ἶ)
601 763 671 800 Ru.
707 758 779 815 61)
813 786 866 788 ——
904 765 956 800 14
989 766 1028 801 et
1063 766 1113 801 15
1151 778 1194 802 ex
1228 765 1417 802 Varronis

73 822 223 872 discipl.
246 823 280 858 V
307 818 398 874 (Me.
422 824 501 859 671
531 822 597 859 Kr.
621 823 663 870 53
686 824 740 860 50
755 836 810 871 sq.
832 823 901 860 Ru.
923 824 994 871 293
1015 825 1066 860 72
1092 824 1160 860 Νο.
1178 825 1279 872 266;
1301 821 1416 875 406).

161 882 253 918 XIX
288 885 307 918 1
332 894 386 930 sq.
427 881 587 919 Summa
625 883 766 930 capitis
805 883 922 931 primi
961 895 1004 919 ex
1042 882 1224 931 Epicteto
1256 883 1418 920 Arriani

72 942 241 990 repetita
273 944 341 987 est,
374 942 483 979 cuius
516 942 700 978 notitiam
733 954 770 979 se
803 941 940 978 debere
972 940 1121 979 Gellius
1154 942 1172 978 Ι
1200 943 1222 978 2
1257 942 1416 989 Herodi,

72 1000 186 1037 XVII
222 1002 271 1037 19
312 1000 506 1037 Favorino
550 1000 708 1037 fatetur.
777 1000 913 1038 Potior
952 1001 1024 1038 hoc
1062 1001 1147 1038 loco
1186 1002 1252 1038 ille
1292 1001 1417 1038 videri

71 1060 207 1107 possit,
240 1060 308 1107 qui
341 1060 460 1096 etiam
491 1060 532 1096 in
559 1072 588 1096 c.
619 1060 669 1096 12
704 1062 840 1097 contra
865 1057 1062 1097 ἀπάθειαν
1089 1059 1310 1098 Stoicorum
1337 1074 1417 1098 cer-

72 1112 192 1169 tat5);
230 1119 296 1155 sed
334 1119 449 1155 alteri
487 1118 659 1167 palmam
697 1118 839 1155 tribuo.
907 1119 1009 1156 Nam
1048 1118 1274 1168 Aristippus
1313 1120 1417 1157 idem

71 1190 299 1226 responsum
338 1177 531 1215 confidens
571 1179 609 1214 et
640 1177 850 1226 superbum
880 1177 1010 1215 reddit
1041 1178 1145 1226 apud
1178 1176 1346 1229 (Aeliam.
1381 1192 1416 1216 v.

72 1236 107 1273 h.
140 1236 195 1273 IX
229 1238 282 1273 20
315 1232 371 1288 et)
405 1236 519 1286 Diog.
552 1236 593 1273 L.
626 1236 666 1273 II
699 1237 736 1284 8,
770 1238 794 1272 4
828 1231 940 1288 (71),
975 1238 1043 1285 qui
1076 1240 1177 1274 certe
1212 1237 1417 1285 Cyrenaici

72 1295 179 1332 aliud
223 1295 372 1333 dictum
415 1295 637 1333 Arelatensi
681 1298 883 1344 acceptum
926 1296 1045 1333 refert
1088 1296 1143 1332 VI
1178 1298 1213 1343 2,
1247 1298 1270 1333 4
1309 1291 1415 1348 (25).

71 1354 200 1401 Adde,
236 1354 338 1403 quod
372 1355 441 1391 illa
474 1350 575 1392 ‘visa
607 1367 702 1402 quas
736 1354 952 1402 φαντασίας
984 1351 1202 1404 appellant’
1235 1357 1275 1392 in
1308 1354 1332 1403 ξ
1363 1356 1413 1392 15

71 1413 121 1450 ad
151 1413 312 1451 verbum
344 1416 575 1462 repetuntur
600 1413 655 1450 XI
683 1414 719 1459 ὃ,
748 1414 784 1461 6,
816 1413 884 1450 ubi
915 1415 998 1462 ipse
1030 1415 1262 1464 magistrum
1292 1416 1416 1451 nomi-

71 1474 141 1509 nat
172 1469 418 1524 auctoremfl)
480 1473 762 1522 Philosophum
793 1473 917 1522 igitur
948 1474 1161 1522 pallentem
1190 1472 1339 1511 Gellius
1372 1477 1416 1510 ut

70 1531 126 1567 IX
155 1533 177 1568 2
214 1531 499 1569 mendicantem
532 1534 771 1569 commentus
804 1534 863 1569 est
893 1534 1167 1580 tempestatem
1198 1533 1282 1582 ipse
1314 1532 1415 1570 forte

71 1593 262 1639 expertus.
331 1590 439 1627 Idem
483 1592 619 1628 auctor
662 1592 790 1628 nescio
834 1603 883 1628 an
928 1592 1096 1641 vestigia
1132 1591 1337 1639 reliquerit
1374 1593 1415 1628 'm

71 1650 200 1698 capite
231 1651 419 1698 proximo.
476 1648 500 1697 ξ
533 1651 554 1686 7
589 1649 760 1687 Socratis
792 1662 867 1687 vox
899 1651 1225 1688 memoratissima
1257 1650 1416 1687 additur

71 1708 241 1758 longiori
266 1709 486 1758 fragmento
514 1722 558 1745 ex
584 1709 748 1746 Aristot.
776 1708 898 1758 probl.
927 1709 1169 1758 deprompto.
1223 1709 1301 1746 Vbi
1327 1722 1415 1746 cum

168 1837 201 1877 1)
227 1832 280 1866 Ex
306 1832 433 1867 Verrio
460 1832 525 1866 Ne.
548 1836 625 1866 272.

166 1881 198 1924 2)
226 1879 279 1913 Ex
305 1879 432 1914 Verrio
458 1880 594 1924 partim
620 1880 688 1914 Me.
711 1884 778 1914 660
804 1880 870 1914 Ne.
892 1884 976 1921 2283
999 1884 1076 1914 ⁴270.

167 1929 200 1970 3)
226 1928 313 1961 noto
340 1938 405 1970 per
425 1926 629 1971 Sulpicium
654 1927 711 1961 vel
731 1927 810 1961 Ter.
833 1926 1009 1961 Scaurum
1032 1938 1104 1961 non
1125 1927 1221 1961 male
1241 1927 1311 1962 Me.
1334 1931 1413 1971 658,

71 1974 134 2007 eft.
157 1973 428 2065 ἙἯθῗΐῗΟρ.
452 2021 494 2056 G.
519 2025 584 2055 142
612 2021 725 2065 Steup
749 2024 813 2055 196
840 2021 1009 2056 Ribbeck
1031 2025 1114 2063 1473
1141 2032 1184 2055 ex
1208 2020 1329 2056 Probo
1355 2021 1413 2055 vel

70 2067 191 2102 Plinio
224 2067 288 2102 Ne.
317 2072 385 2102 273
417 2068 494 2113 (cfr.
523 2068 689 2102 Schmidt
720 2069 839 2103 Nonii
867 2073 958 2103 auct.
985 2080 1134 2113 yramm.
1163 2070 1237 2113 62),
1269 2079 1313 2102 ex
1344 2068 1413 2102 hoc

71 2114 171 2149 Beck
191 2119 234 2149 14
253 2116 360 2172 {³rob.
382 2119 442 2156 31ς
464 2115 527 2149 cfr.
550 2115 662 2150 Goetz
681 2117 786 2161 frym.
808 2117 972 2151 Plautia.
990 2119 1055 2149 192
1077 2116 1150 2149 ind.
1166 2115 1305 2149 Ienens.
1322 2117 1412 2149 aest.

74 2165 217 2254 1893515.
228 2163 298 2244 Sxed
324 2209 390 2243 XII
409 2214 428 2243 5
455 2209 613 2252 Taurus,
641 2209 699 2244 cui
725 2209 791 2244 Ne.
813 2213 879 2244 259
907 2212 1019 2254 caput
1044 2209 1216 2244 vindicat.

167 2259 200 2301 6)
226 2257 318 2291 Item
345 2258 486 2292 ‘sensus
513 2269 603 2301 quos
624 2256 755 2291 Graeci
781 2256 972 2300 αἰσθήσεις
991 2256 1197 2301 appellant'
1218 2256 1257 2290 in
1278 2257 1413 2300 capite,

71 2303 170 2347 quod
196 2304 378 2347 sequitur,
404 2306 446 2338 ut
471 2304 521 2338 VI
542 2308 560 2338 6
588 2315 631 2338 ex
657 2303 855 2338 Aristotele
881 2304 1111 2348 proveniunt.
