1591 2474
126 71 180 110 70
515 72 522 75 Α
707 67 721 100 1
751 71 809 106 14:
840 71 880 100 15

123 179 175 219 ab
208 178 378 218 auribus
410 177 463 217 ad
495 176 639 216 oculos
672 178 713 215 et
746 175 853 214 infra
885 174 1079 226 deinceps
1111 173 1163 213 ad
1194 186 1313 213 nares
1342 174 1384 212 et
1409 172 1461 212 ad

125 252 170 278 os
214 239 255 277 et
292 237 344 277 ad
382 236 524 289 gulam
562 237 688 286 atque
726 234 822 274 inde
859 246 984 286 porro
1022 232 1075 272 ad
1108 234 1296 272 ventrem
1329 231 1459 272 imum

124 295 344 336 deduxisse
377 297 418 334 et
448 293 600 347 legatis
632 293 690 332 ita
716 292 997 345 respondisse:
1030 291 1129 330 dum
1155 290 1238 330 illis
1266 289 1460 329 omnibus

125 354 341 405 membris,
397 366 503 405 quae
552 351 780 405 attigisset,
831 350 1032 390 obsistere
1081 352 1206 402 atque
1255 349 1461 401 imperare

124 415 284 467 posset,
322 425 553 463 numquam
593 410 818 462 quicquam
857 409 1115 460 defuturum,
1159 409 1381 460 propterea
1419 420 1462 446 se
1499 421 1514 446 5

125 472 366 525 pecuniam,
409 484 491 522 qua
529 467 635 508 nihil
673 468 752 508 sibi
790 470 898 508 esset
935 481 1052 519 usus,
1096 466 1146 507 ab
1184 465 1268 517 his,
1310 465 1461 518 quibus

125 545 217 571 eam
251 530 374 570 sciret
407 529 500 568 usui
533 541 639 577 esse,
672 541 757 566 11011
788 527 986 579 accipere.

756 655 835 695 xv

125 738 243 779 Quam
269 737 507 781 inportunum
532 736 663 770 vitium
688 735 911 779 plenumque
938 734 1014 768 odii
1041 734 1089 768 sit
1111 733 1246 767 futtilis
1267 732 1461 775 inanisque

171 785 379 827 loquacitas
411 784 448 817 et
481 794 591 827 quam
622 783 749 816 multis
781 782 820 815 111
851 781 941 816 locis
968 792 989 814 a
1015 780 1243 825 principibus
1269 780 1460 823 utriusque
1482 787 1514 811 10

173 832 323 876 linguae
348 831 435 865 viris
463 830 710 865 detestatione
736 829 833 863 iusta
860 828 1010 872 culpata
1038 828 1095 861 sit.

93 928 110 956 1
215 915 297 964 Qui
341 918 438 955 sunt
481 916 593 956 leves
638 917 679 954 et
719 914 881 954 futtiles
919 915 960 953 et
998 912 1214 965 inportuni
1251 912 1463 951 locutores

126 975 283 1028 quique
326 975 443 1014 nullo
488 988 627 1014 rerum
672 973 854 1025 pondere
899 971 1033 1012 innixi
1073 970 1210 1010 verbis
1248 970 1384 1009 uvidis
1422 971 1465 1009 et

125 1033 389 1086 lapsantibus
422 1032 639 1084 diffluunt,
674 1045 818 1072 eorum
852 1030 1085 1071 orationem
1116 1029 1222 1069 bene
1254 1029 1463 1068 existima-

126 1095 218 1132 tum
250 1094 313 1132 est
344 1092 389 1131 in
421 1105 491 1131 ore
522 1091 655 1142 nasci,
692 1104 779 1130 non
809 1090 853 1130 in
884 1092 1070 1142 pectore,
1102 1088 1291 1141 linguam
1323 1089 1464 1127 autem
1485 1100 1516 1124 15

128 1151 277 1191 debere
309 1151 427 1190 aiunt
458 1164 546 1190 non
577 1163 665 1190 esse
696 1148 872 1189 liberam
904 1162 981 1189 nec
1012 1160 1181 1201 vagam,
1213 1146 1283 1186 sed
1316 1145 1464 1186 vinclis

128 1210 178 1250 de
210 1212 379 1262 pectore
412 1209 496 1248 imo
529 1222 576 1248 ac
609 1208 658 1248 de
691 1207 813 1248 corde
845 1207 956 1259 aptis
989 1205 1148 1245 moveri
1179 1207 1220 1245 et
1246 1205 1366 1257 quasi
1391 1217 1464 1257 gu-

94 1269 304 1309 2bernari.
363 1266 445 1308 Sed
470 1267 581 1308 em‘m
614 1267 754 1307 videas
787 1265 990 1318 quosdam
1023 1266 1181 1305 scatere
1213 1263 1349 1303 verbis
1376 1263 1465 1302 sine

128 1328 216 1367 ullo
250 1327 393 1367 iudicii
425 1326 596 1380 negotio
630 1339 724 1366 cum
757 1324 979 1365 securitate
1011 1323 1145 1363 multa
1176 1324 1218 1362 et
1246 1321 1465 1375 profunda,

129 1389 176 1426 ut
212 1387 433 1438 loquentes
472 1386 720 1437 plerumque
758 1384 978 1423 videantur
1014 1382 1132 1433 loqui
1169 1395 1257 1421 sese
1294 1380 1464 1420 nescire.
1486 1392 1518 1416 20

96 1453 115 1483 3
130 1443 285 1485 Vlixen
311 1446 456 1484 contra
477 1442 739 1493 Homerus,
770 1443 906 1481 virum
933 1440 1111 1493 sapienti
1135 1438 1329 1479 facundia
1350 1452 1465 1491 prae-

131 1503 284 1555 ditum,
320 1516 464 1542 vocem
498 1502 664 1542 mittere
696 1501 754 1541 ait
786 1514 872 1540 11011
903 1514 953 1540 ex
986 1513 1068 1549 ore,
1101 1498 1172 1538 sed
1203 1512 1253 1538 ex
1286 1500 1466 1550 pectore,

132 1562 244 1614 quod
283 1562 442 1601 scilicet
479 1574 565 1600 non
602 1560 653 1600 ad
691 1573 840 1599 sonum
879 1558 1013 1611 magis
1044 1556 1319 1609 habitumque
1352 1556 1466 1596 vocis

132 1635 258 1673 quam
284 1620 336 1660 ad
362 1619 664 1659 sententiarum
691 1618 858 1671 penitus
882 1619 1180 1669 conceptarum
1200 1615 1466 1655 altitudinem

133 1679 372 1732 pertineret,
404 1677 746 1731 petulantiaeque
778 1676 999 1716 verborum
1032 1674 1282 1715 coercendae
1309 1673 1466 1713 vallum
1486 1685 1519 1710 25

133 1752 222 1778 esse
260 1737 503 1790 oppositum
542 1736 730 1776 dentium
768 1735 981 1775 luculente
1018 1733 1141 1785 dixit,
1185 1734 1231 1772 ut
1267 1731 1468 1784 loquendi

133 1797 346 1836 temeritas
397 1809 482 1835 non
531 1795 667 1835 cordis
713 1796 878 1834 tantum
922 1792 1111 1833 custodia
1154 1793 1280 1843 atque
1323 1790 1468 1844 vigilia

134 1854 397 1905 cohibeatur,
442 1854 513 1893 sed
555 1856 597 1893 et
641 1852 890 1905 quibusdam
935 1851 1053 1903 quasi
1092 1849 1278 1890 excubiis
1316 1850 1361 1889 in
1398 1862 1469 1888 ore

135 1913 283 1966 positis
316 1913 536 1965 saepiatur.

230 2043 285 2071 25.
300 2039 407 2082 Apul.
429 2038 473 2071 de
501 2038 623 2082 dogm.
645 2037 737 2070 Plat.
760 2037 774 2069 I
797 2040 837 2070 14

231 2159 250 2188 9
272 2155 418 2189 subtilis
432 2156 482 2202 Vl}
495 2160 534 2188 ll
558 2155 710 2188 CVLPA
724 2155 773 2199 AJ!
787 2157 827 2187 13
848 2153 967 2186 uvidis
981 2152 1133 2187 Salmas.
1153 2151 1218 2184 ubi
1239 2150 1294 2183 dis
1314 2149 1399 2194 (diis
1413 2149 1469 2193 ΡΞ)

137 2206 162 2235 P
189 2201 377 2247 (h)umidis
398 2215 423 2235 ω
450 2201 602 2235 tumidis
623 2196 797 2245 Falster'll
819 2203 858 2233 17
887 2199 1078 2243 aptissimo
1101 2198 1180 2231 ueri
1199 2201 1228 2230 R
1247 2199 1257 2241 ΙΙ
1279 2200 1321 2230 18
1348 2195 1406 2230 Sic
1427 2197 1470 2240 σΗ

139 2253 182 2283 23
209 2260 298 2291 quos
325 2251 410 2293 (quo
437 2252 475 2292 Ρ)
502 2248 644 2282 scilicet
669 2248 769 2292 (licet
787 2250 829 2291 R)
854 2260 880 2280 ω
906 2257 994 2281 corr.
1019 2246 1081 2280 Gr.
1101 2247 1175 2288 1125
1202 2243 1361 2287 pertinet
1382 2244 1444 2278 Gr.
1459 2244 1470 2288 Η

140 2300 182 2331 26
210 2295 468 2338 luculenteque
494 2295 539 2328 V¹
559 2297 569 2339 Ι]
590 2298 632 2328 29
660 2295 826 2338 sapiatur
850 2297 911 2326 PV
