1611 2474
160 53 245 94 322
780 51 829 85 IX
856 55 875 86 9

219 161 319 202 fert
367 160 574 200 humero
620 159 957 213 gradiensque
1001 159 1115 199 deas
1160 159 1502 212 supereminet

938 231 1109 257 omnis.

220 277 442 318 Latonae
477 276 688 317 tacitum
722 278 1067 330 pertemptant
1099 275 1280 330 gaudia
1312 277 1501 329 pectus.

103 371 147 401 14
162 359 352 400 Primum
386 358 575 398 omnium
608 358 650 398 id
676 358 812 398 visum
840 372 928 398 esse
955 357 1150 398 dicebant
1175 356 1357 409 Probo,
1388 358 1502 409 quod

161 420 264 471 aput
306 416 576 457 Homerum
627 416 796 469 quidem
846 416 966 470 virgo
1010 414 1221 456 Nausicaa
1266 415 1501 456 ludibunda
1539 436 1554 461 5

161 477 271 516 inter
300 475 528 515 familiares
561 475 723 528 puellas
756 475 800 514 in
830 475 935 515 locis
968 474 1068 514 solis
1099 477 1212 514 recte
1238 477 1364 527 atque
1391 487 1502 514 com-

162 535 284 575 mode
320 533 535 574 confertur
566 547 661 574 cum
693 532 830 573 Diana
861 535 1040 573 venante
1072 533 1117 572 in
1148 533 1259 587 iugis
1291 533 1501 573 montium

161 594 271 633 inter
326 594 511 646 agrestes
568 592 683 644 deas,
738 605 1005 644 nequaquam
1057 594 1197 632 autem
1248 591 1501 632 conveniens

162 651 448 705 Vergilium
483 650 650 703 fecisse,
688 650 888 703 quoniam
920 649 1030 690 Dido
1062 650 1107 690 in
1138 650 1242 690 urbe
1274 650 1411 690 media
1442 650 1502 690 in—

163 710 355 764 grediens
402 709 513 750 inter
555 708 706 763 Tyrios
750 709 962 762 principes
1007 709 1123 749 cultu
1167 711 1293 761 atque
1336 709 1501 749 incessu
1523 729 1557 753 10

162 768 283 820 serio,
309 768 505 808 instans
533 768 690 821 operi,
717 768 826 808 sicut
851 767 941 820 ipse
966 767 1025 808 ait
1046 767 1116 819 (A.
1133 766 1285 819 1504),
1310 767 1502 821 regnis-

163 840 255 879 que
299 826 506 878 futuris,
551 826 660 866 nihil
703 826 791 866 eius
837 825 1125 866 similitudinis
1169 838 1316 879 capere
1356 826 1503 879 possit,

105 896 148 926 15
165 899 271 937 quae
313 885 477 925 lusibus
522 887 648 937 atque
686 884 907 925 venatibus
945 884 1106 924 Dianae
1145 886 1367 938 congruat3
1410 887 1502 925 tum

162 946 327 997 postea,
366 943 480 996 quod
511 942 757 983 Homerus
789 942 928 983 studia
959 945 1086 995 atque
1119 942 1428 983 oblectamenta
1458 944 1503 983 in

162 1002 353 1042 venando
391 1001 553 1042 Dianae
596 1001 773 1042 honeste
813 1003 1041 1055 aperteque
1079 1000 1197 1053 dicit,
1241 1000 1501 1056 Vergilius
1522 1021 1556 1046 15

162 1063 322 1113 autem,
360 1073 456 1100 cum
495 1060 545 1100 de
577 1063 731 1101 venatu
764 1060 863 1100 deae
894 1059 1003 1100 nihil
1034 1059 1224 1112 dixisset,
1261 1059 1501 1113 pharetram

162 1121 328 1159 tantum
360 1118 462 1159 facit
494 1134 585 1159 eam
617 1119 724 1159 ferre
757 1119 801 1158 in
832 1118 1027 1171 humero,
1059 1121 1276 1171 tamquam
1310 1118 1364 1159 sit
1397 1133 1502 1159 onus

163 1180 204 1218 et
236 1177 415 1230 sarcina3
448 1179 574 1229 atque
606 1177 711 1217 illud
742 1177 932 1230 impense
957 1176 1174 1217 Probum
1207 1191 1296 1217 esse
1329 1177 1502 1218 demira—

162 1239 253 1276 tum
292 1236 336 1276 in
368 1235 599 1290 Vergilio
636 1236 848 1289 dicebant,
888 1236 1001 1288 quod
1033 1234 1299 1276 Homerica
1333 1236 1501 1288 quidem

163 1293 310 1347 Λητὼ
350 1295 551 1348 gaudium
590 1294 770 1349 gaudeat
808 1294 1039 1348 genuinum
1075 1297 1116 1334 et
1147 1294 1344 1335 intimum
1376 1297 1502 1347 atque
1523 1314 1557 1338 20

163 1353 207 1393 in
250 1353 343 1406 ipso
388 1353 593 1406 penetrali
632 1353 768 1393 cordis
807 1355 848 1393 et
885 1352 1049 1393 animae
1086 1353 1250 1407 vigens,
1294 1353 1501 1406 siquidem

163 1425 250 1451 non
293 1410 407 1451 aliud
451 1414 530 1452 est:
575 1410 764 1464 γέγηθε
809 1410 866 1451 δέ
905 1426 954 1451 τε
999 1409 1163 1465 φρένα
1201 1412 1368 1464 Λητώ,
1412 1412 1502 1465 ipse

164 1472 304 1510 autem
344 1470 500 1509 imitari
539 1484 586 1509 ea
623 1470 769 1510 volens
808 1470 960 1524 gaudia
993 1470 1140 1510 fecerit
1170 1470 1291 1524 pigra
1323 1473 1364 1511 et
1393 1470 1503 1511 levia

165 1530 206 1568 et
240 1528 481 1568 cunctantia
513 1530 554 1568 et
586 1528 706 1580 quasi
738 1529 782 1568 in
814 1542 979 1568 summo
1012 1530 1181 1581 pectore
1213 1529 1502 1582 supernantia3

164 1587 324 1626 nescire
347 1587 459 1626 enim
481 1600 581 1638 sese,
608 1587 709 1639 quid
729 1587 986 1641 significaret
1006 1586 1120 1626 aliud
1140 1589 1502 1640 pertemptant3
1522 1606 1556 1630 25

106 1656 149 1686 1ss
164 1647 330 1698 praeter
354 1645 434 1685 ista
461 1645 603 1685 omnia
628 1645 775 1685 florem
801 1645 934 1698 ipsius
960 1645 1090 1686 totius
1115 1645 1200 1686 loci
1220 1644 1502 1700 Vergilium

165 1703 295 1744 videri
341 1703 548 1756 omisisse,
592 1704 706 1757 quod
748 1704 862 1744 hunc
899 1703 1104 1744 Homeri
1148 1718 1314 1744 versum
1353 1704 1504 1759 exigue

165 1764 332 1802 secutus
365 1762 436 1802 sit:

224 1842 334 1896 ῥεῖα
366 1842 401 1883 δ’
436 1842 694 1897 ἀριγνώτη
726 1842 953 1896 πέλεται,
985 1842 1136 1884 καλαὶ
1169 1843 1225 1884 δέ
1251 1859 1300 1884 τε
1326 1850 1502 1897 πᾶσαι,

259 1996 302 2025 20
330 1992 407 2026 Ter.
429 1993 540 2026 Andr.
563 1996 630 2026 964
658 1992 734 2027 Cat.
756 1992 834 2026 LXI
856 1997 921 2026 117
949 1992 1020 2026 Cic.
1043 1993 1090 2026 ad
1110 1993 1195 2027 fam.
1217 1993 1300 2027 VIII
1320 1997 1351 2036 2,
1374 1998 1391 2027 1

262 2136 278 2164 1
307 2132 376 2165 dea
399 2135 425 2169 Q
444 2134 454 2175 ΙΙ
474 2135 495 2164 4
522 2144 551 2166 ο,
580 2132 742 2166 diuisum
761 2134 845 2166 ΝΠ
860 2135 871 2177 Η
891 2137 910 2165 5
936 2133 1089 2167 nausica
1115 2146 1141 2166 ω
1162 2135 1172 2178 ΙΙ
1193 2136 1211 2166 9
1239 2133 1429 2177 egrediens
1449 2137 1471 2166 Z
1491 2134 1503 2179 Η

168 2182 210 2211 13
238 2179 408 2222 congruit
429 2180 473 2212 11
489 2180 500 2222 Η
522 2182 562 2212 17
591 2179 620 2212 si
647 2190 677 2213 o.
701 2180 737 2213 et
763 2180 946 2213 sarcinam
964 2182 1049 2213 NH
1064 2181 1075 2224 Η
1095 2183 1138 2213 20
1164 2180 1301 2224 gaudio
1322 2180 1390 2225 ΠΙ
1413 2190 1503 2224 gau·

167 2225 279 2258 debat
304 2226 333 2259 δ
363 2227 374 2268 [Ι
406 2228 448 2258 23
476 2226 534 2270 ea]
561 2225 629 2258 hoc
655 2227 739 2259 NH
757 2227 761 2269 Ι
784 2226 885 2260 lenta
911 2227 1048 2261 Daniel
1078 2229 1089 2269 Η
1121 2230 1164 2260 24
1191 2226 1503 2270 supereminentia

165 2272 254 2315 (-cia
273 2273 309 2315 Z)
330 2273 359 2306 δ
378 2273 388 2315 ΙΙ
410 2276 452 2306 25
479 2272 688 2316 significare
708 2273 737 2307 δ
