1617 2484
620 89 683 122 vil
713 89 787 127 (Vl)
815 93 851 131 63
875 93 891 122 7
1340 89 1415 129 291

88 198 221 250 alites,
249 212 351 250 quas
377 197 407 237 ll
423 212 616 237 omerus
644 196 967 250 ταντνπτέρυγας
988 198 1274 251 appellaverit,
1296 212 1424 250 quon-

88 258 168 297 iam
207 258 305 297 istas
335 256 599 310 potissimum
630 270 809 309 augures
836 259 1083 309 spectarent,
1115 271 1220 309 quae
1247 257 1424 309 ingenti-

89 316 165 356 bus
204 315 280 356 alis
316 316 482 368 patula(-
515 318 640 368 atque
675 319 888 368 porrectae
922 316 1222 368 praevolarent.
1285 315 1424 367 Atque

88 375 142 415 ibi
180 374 255 414 hos
290 373 490 414 Homeri
527 389 669 414 versus
703 375 809 414 dixit
842 375 917 425 (Il.
940 374 1038 414 XII
1056 378 1179 427 22:379:

52 474 66 498 5
145 458 269 509 τύνη
310 456 346 497 δ”
389 458 625 496 οἰωνοῖσι
659 457 1102 509 τανυπτερύγεσσι
1136 457 1364 505 κελεύεις

147 519 448 564 πείθεσθαιἾ
488 523 585 555 τῶν
625 515 682 555 οἷ’)
719 532 763 555 τι
796 513 1129 568 μετατρέπομ’
1169 514 1271 555 οὐὸ’
1312 515 1421 555 ἀλε-

860 576 987 626 γίζω.

717 677 793 719 VH

86 760 137 794 De
170 760 267 793 Acca
303 760 474 793 Larentia
506 762 541 793 et
573 760 666 793 Gaia
695 759 867 802 Taracia3
900 760 1017 803 deque
1050 760 1190 803 origine
1225 761 1421 794 sacerdotii

33 818 64 841 ιο
131 808 285 841 fratrum
314 807 501 841 arvalium.

172 891 308 932 Aecae
334 891 553 932 Larentiae
585 895 626 932 et
653 890 778 931 Gaiae
804 890 1012 943 Taraciae,
1045 892 1131 931 sive
1158 892 1230 931 illa
1256 891 1421 932 Fufetia
1439 903 1453 931 1

84 954 163 999 est,
200 951 372 990 nomina
411 951 452 990 in
492 951 736 1003 antiquis
775 950 1066 990 annalibus
1101 951 1280 990 celebria
1312 954 1419 991 sunt.

86 1009 238 1049 Earum
291 1010 446 1062 alterae
490 1012 587 1062 post
631 1012 827 1061 mortem,
878 1008 1074 1049 Taraciae
1117 1012 1256 1049 autem
1305 1010 1421 1050 vivae

83 1069 333 1122 amplissimi
386 1069 564 1108 honores
614 1083 638 1108 a
688 1068 846 1121 populo
896 1067 1088 1107 Romano
1138 1068 1284 1108 habiti.
1365 1068 1454 1108 Em

32 1144 62 1169 15
83 1127 299 1167 Taraciam
340 1127 508 1180 quidem
547 1127 751 1181 virginem
792 1126 947 1167 Vestae
984 1127 1112 1167 fuisse
1150 1128 1226 1167 lex
1264 1126 1420 1167 Hora—

83 1187 153 1226 tia
190 1187 309 1226 testis
348 1189 427 1238 est,
465 1200 570 1238 quae
609 1200 734 1239 super
771 1200 818 1226 ea
849 1186 900 1225 ad
932 1186 1137 1239 populun]
1170 1187 1267 1226 lata.
1330 1186 1421 1234 Qua

82 1246 174 1299 lege
213 1246 250 1285 ei
288 1245 460 1298 plurimi
499 1245 679 1285 honores
714 1245 839 1296 fiunt,
878 1245 986 1284 inter
1018 1258 1122 1297 quos
1155 1244 1219 1284 ius
1253 1259 1420 1297 quoque

82 1303 315 1345 testimonii
362 1303 525 1343 dieendi
569 1303 771 1343 tribuitur
813 1303 1163 1356 testabilisque
1207 1318 1290 1343 una
1335 1318 1419 1344 om—

82 1363 198 1403 nium
242 1362 492 1403 feminarum
538 1365 586 1402 ut
623 1362 677 1402 sit
716 1362 847 1402 datur.
915 1360 962 1402 Id
1000 1362 1174 1401 verbum
1213 1365 1276 1402 est
1313 1363 1418 1417 legis

30 1439 62 1463 20
83 1422 214 1475 ipsius
252 1420 510 1472 Horatiae,
555 1421 811 1461 eontrarium
856 1423 919 1461 est
960 1421 1002 1460 in
1047 1420 1309 1461 duedecim
1348 1424 1453 1461 ta-:3

84 1480 216 1521 bulis
255 1481 457 1534 seriptum
493 1480 755 1533 (1'II122):
794 1478 1043 1533 Inprobus
1080 1480 1418 1520 intestabilis-

83 1554 174 1592 que
206 1542 324 1580 esto.
380 1538 599 1579 Praeterea
631 1539 665 1579 si
698 1539 974 1593 quadraginta
1006 1552 1137 1578 annos
1163 1541 1261 1578 nata
1288 1549 1453 1580 sacer—4

82 1598 198 1639 dotio
243 1598 358 1638 abire
401 1611 449 1638 ae
491 1597 648 1638 nubere
692 1597 912 1650 voluisset,
959 1598 1022 1638 ius
1067 1598 1104 1638 ei
1148 1600 1418 1650 potestasque

81 1656 367 1711 exaugurandi
405 1659 531 1709 atque
568 1657 754 1697 nubendi
790 1657 902 1696 faeta
939 1659 1002 1696 est
1033 1655 1345 1696 munificentiae
1377 1660 1419 1697 et

29 1733 61 1758 25
82 1716 274 1756 beneficii
301 1716 446 1770 gratia,
473 1715 585 1768 quod
612 1729 807 1768 eampum
833 1714 1076 1755 Tiberinum
1105 1715 1191 1754 sive
1217 1714 1417 1755 Martium

81 1775 241 1828 populo
274 1774 561 1814 condonasset.

170 1831 251 1873 Sed
288 1831 401 1872 Aeea
437 1832 633 1872 Larentia
671 1846 822 1885 eorpus
860 1831 904 1871 in
941 1832 1093 1886 vulgus
1132 1832 1258 1872 dabat
1296 1842 1451 1885 pecu-5

80 1891 278 1945 niamque
316 1894 548 1932 emeruerat
582 1906 632 1931 ex
664 1905 713 1931 eo
747 1892 921 1944 quaestu
953 1890 1137 1931 uberem.
1198 1889 1261 1930 Ea
1293 1894 1450 1931 testa-6

176 2023 216 2054 11
250 2018 342 2052 Plin.
371 2017 520 2051 XXXIV
545 2022 575 2058 6,
599 2022 642 2051 25
670 2017 778 2061 <Plut.
800 2017 939 2051 Publio.
962 2021 996 2053 ὃ)
1140 2021 1181 2050 27
1198 2030 1275 2061 sqq.
1304 2018 1413 2052 Maer.

80 2066 93 2098 I
117 2070 170 2108 10,
193 2070 251 2108 143
275 2070 316 2099 16
343 2065 457 2099 Varro
478 2065 499 2098 1.
521 2065 543 2098 l.
566 2064 614 2098 VI
634 2069 666 2106 3,
688 2069 730 2098 ‘23
756 2064 852 2098 Plut.
873 2064 1015 2098 Romul.
1038 2068 1058 2097 4
1073 2076 1124 2108 sq.
1149 2067 1289 2108 quaest.
1311 2065 1413 2098 Rom.

80 2117 141 2156 34?
158 2117 200 2146 35
222 2113 320 2146 Laet.
343 2114 425 2146 inst.
448 2113 463 2144 l
484 2116 527 2145 *20
542 2130 584 2140 =
602 2112 698 2145 Suet.
714 2111 790 2145 rell.
809 2124 843 2155 p.
860 2115 943 2153 351;
959 2114 1024 2145 467
1040 2111 1080 2145 R.
1102 2112 1256 2156 August.
1274 2113 1338 2146 σίν.
1356 2113 1415 2146 dei

80 2159 129 2193 VI
151 2163 167 2193 7
196 2160 292 2193 Fast.
314 2160 441 2193 Praen.
462 2159 545 2193 Dee.
570 2159 641 2193 CIL
661 2159 676 2191 Ι
696 2171 730 2203 p.
753 2162 837 2202 3193
859 2162 924 2191 409

176 2281 216 2310 11
239 2277 488 2311 aeealareneie
509 2277 597 2320 (sim.
619 2278 764 2320 semper)
784 2279 813 2308 V
832 2277 834 2322 J
851 2278 936 2309 tarr.
957 2276 1030 2318 fere
1049 2287 1182 2319 semper
1201 2279 1230 2309 V
1269 2275 1415 2310 Fufetia

83 2324 210 2359 Carrio
237 2323 409 2357 affufecia
428 2328 455 2357 V
475 2325 486 2368 Η
507 2327 548 2357 12
576 2325 631 2357 est
656 2334 720 2358 one.
744 2335 764 2360 ς

1135 2385 1174 2415 19
1186 2381 1202 2398 ²
