1617 2484
28 800 60 824 10

28 1094 60 1118 15

28 1388 61 1412 20

29 1681 60 1706 25

640 71 687 105 v]
714 71 806 115 (vn)
833 75 853 104 4
1330 70 1414 110 255

716 237 776 278 IV

80 319 292 353 Cuiusmodi
327 329 446 352 servos
478 320 515 352 et
546 329 656 362 quam
689 318 735 352 ob
768 329 916 352 causam
948 317 1091 352 Caelius
1120 317 1292 354 Sabinus,
1327 317 1415 350 iuris

127 365 244 399 civilis
271 368 412 407 auctor,
443 365 615 409 pilleatos
642 365 842 399 venundari
871 365 997 399 solitos
1025 365 1227 409 scripserim
1260 367 1296 398 et
1322 376 1415 407 quac

126 413 313 457 mancipia
334 412 400 445 sub
421 423 554 447 corona
573 424 672 447 more
694 413 873 446 maiorum
895 412 1090 450 venierint:
1113 414 1223 455 atque
1245 412 1282 445 id
1296 412 1415 456 ipsum

128 459 210 493 ‘sub
237 460 385 494 corona’
415 460 503 502 quid
531 460 588 493 sit.

168 544 368 585 Pilleatos
402 558 542 585 servos
575 559 725 585 venum
761 545 907 584 solitos
940 545 1010 597 ire,
1043 558 1219 596 quorum
1248 544 1447 585 nominel

81 604 273 644 venditor
298 603 404 644 nihil
424 606 667 657 praestaret,
694 602 892 643 Caelius
915 602 1131 643 Sabinus
1153 603 1416 656 iurisperitus

79 661 150 715 (fr.
176 666 206 703 ,2
225 662 280 703 H
308 664 356 704 (Ze
381 676 510 703 mama
530 664 585 714 fr.
608 666 659 703 Is)
679 662 774 715 ΒΓ.)
807 663 1008 715 scriptum
1044 663 1224 714 reliquit.
1288 662 1415 702 Cuius
1431 674 1450 703 2

79 722 139 761 rei
177 735 343 762 causam
384 736 473 762 esse
509 722 586 773 ait,
624 721 735 774 quod
774 721 977 762 eiusmodi
1012 721 1269 761 condicionis
1305 736 1415 761 nian-

80 780 189 833 cipia
220 781 402 834 insignia
433 795 521 821 esse
554 781 597 820 in
629 780 851 820 vendundo
884 780 1093 831 deberent,
1128 783 1174 820 ut
1206 784 1416 833 emptores

80 853 215 880 errare
248 842 289 880 et
321 840 414 893 capi
445 854 530 879 non
562 842 745 892 possent,
780 853 914 891 neque
946 839 1013 878 lex
1047 839 1255 879 vendundi
1291 854 1416 892 oppe-

79 898 222 939 rienda
266 901 391 951 esset,
436 898 507 939 sed
552 899 683 939 oculis
727 899 809 938 iam
854 898 1161 951 praeciperent,
1205 898 1414 950 quodnam

81 960 189 998 esset
226 958 531 1010 mancipiorum
570 971 720 1011 genus3
765 957 916 997 sicuti
955 957 1093 1009 inquit
1131 957 1451 1009 antiquitus-⁹,

80 1016 330 1069 mancipia
362 1017 467 1056 iure
500 1016 623 1056 belli
651 1019 796 1069 capta
822 1016 1024 1056 coronis
1051 1016 1226 1056 induta
1253 1017 1417 1056 venie-

81 1075 200 1116 bant
233 1078 279 1115 et
312 1075 500 1116 idcirco
534 1075 833 1115 dicebantur
866 1074 969 1115 ‘sub
1003 1075 1200 1115 corona’
1236 1075 1414 1115 venire.

80 1133 303 1186 Namque
341 1137 394 1174 ut
432 1148 485 1174 ea
517 1148 700 1174 corona
733 1134 928 1188 signum
962 1137 1068 1174 erat
1100 1134 1415 1187 captivorum

80 1192 350 1245 venalium,
394 1193 463 1233 ita
504 1194 690 1246 pilleus
729 1193 999 1245 impositus
1038 1193 1417 1233 demonstrabat

80 1252 326 1292 eiusmodi
383 1266 551 1293 servos
608 1252 901 1304 venundari,
958 1265 1166 1304 quorum
1217 1253 1416 1291 nomine

81 1311 295 1364 emptori
327 1311 561 1351 venditor
591 1310 721 1351 nihil
753 1313 1047 1364 praestaret.

167 1368 246 1409 Est
276 1371 416 1409 autem
449 1370 530 1410 alia
562 1370 735 1410 rationis
769 1369 924 1423 opinio,
957 1384 1030 1409 cur
1056 1370 1137 1410 dici
1164 1370 1333 1409 solitum
1363 1370 1451 1410 sit4

81 1428 269 1481 captivos
297 1427 389 1469 ‘sub
416 1429 584 1469 corona'
612 1429 854 1481 venundari,
883 1429 995 1481 quod
1020 1429 1177 1469 milites
1204 1429 1417 1469 custodiae

81 1501 204 1527 causa
236 1487 498 1540 captivorum
530 1488 741 1528 venalium
768 1501 916 1541 greges
942 1487 1260 1528 circumstarent
1286 1502 1416 1540 eaque

81 1546 366 1586 circumstatio
410 1547 593 1587 militum
636 1547 819 1587 ‘corona’
866 1547 1077 1600 appellata
1122 1547 1185 1586 sit.
1256 1545 1336 1586 Sed
1374 1546 1450 1586 id5

81 1604 215 1659 magis
246 1618 391 1645 verum
424 1620 526 1658 esse,
557 1606 669 1658 quod
702 1620 827 1658 supra
859 1605 957 1657 dixi,
989 1605 1041 1645 M.
1071 1604 1190 1646 Cato
1223 1605 1265 1645 in
1294 1604 1416 1657 libro,

82 1677 204 1716 quem
240 1664 477 1717 composuit
508 1664 563 1704 de
595 1679 644 1704 re
676 1664 906 1716 militari,
938 1663 1069 1704 docet.

169 1720 309 1762 Verba
342 1725 440 1763 sunt
471 1722 573 1763 haec
605 1721 812 1763 Catonis
844 1724 915 1775 (fr.
937 1722 1064 1776 QJ.):
1102 1721 1167 1762 Vt
1198 1721 1416 1775 populus

82 1795 167 1820 sua
197 1794 345 1833 opera
370 1782 540 1834 potius
568 1782 625 1822 ob
652 1796 750 1821 rem
778 1781 900 1822 bene
927 1784 1117 1835 gestam
1146 1784 1415 1822 coronatus

82 1839 423 1892 subplicatum
454 1843 549 1893 eat,
581 1855 723 1893 quam
751 1839 951 1880 reniale
979 1843 1118 1894 gesta
1145 1843 1416 1881 coronatus

82 1901 269 1938 veneat

177 2052 219 2082 ‘23
235 2060 311 2093 sqq.
341 2049 434 2083 Fest.
456 2061 490 2093 p.
513 2052 590 2086 306,
613 2054 632 2082 4

177 2194 196 2224 2
234 2190 453 2224 Huiusmodi
486 2205 512 2224 ω
544 2192 554 2234 ΙΙ
588 2194 605 2224 7
645 2190 820 2224 sabellius
851 2194 879 2223 R
911 2194 922 2235 [Ι
956 2194 997 2224 10
1032 2191 1210 2235 insignit-a
1242 2191 1417 2236 Falsterll

84 2241 125 2271 12
152 2238 329 2282 quidnam
349 2241 374 2270 P
401 2242 512 2281 qnam
532 2241 560 2270 R
579 2240 590 2281 Η
611 2241 653 2271 29
679 2238 806 2272 ueniat
826 2252 852 2271 ω
