1617 2484
222 57 302 91 XVI
752 54 1021 89 PRAEFATIO

215 171 254 206 et
278 181 415 217 pauca,
442 169 582 216 quibus
609 180 749 205 nomen
775 168 975 215 scriptoris
1003 168 1176 215 apparet,
1204 167 1305 215 apud
1331 167 1557 215 Vopiscum,

216 227 478 275 Lactantium,
500 227 690 274 Servium,
711 226 987 275 Augustinum,
1008 225 1261 272 Priscianum,
1288 227 1326 262 et
1348 226 1556 274 permulta,

214 287 279 322 ubi
314 288 397 334 ipse
430 287 565 323 auctor
598 285 763 331 celatur,
802 296 877 332 quo
910 285 1034 334 magis
1067 284 1275 332 expiletur,
1314 284 1416 332 apud
1448 284 1556 332 Apu-

214 346 345 389 10111111,
372 345 555 391 Nonium,
578 344 842 390 Ammianum,
869 342 1179 392 glossographos,
1206 343 1314 379 alios.
1366 341 1440 386 Qui
1465 343 1554 380 inde

216 416 238 440 a
283 404 436 453 saeculo
475 403 529 439 IX
573 403 711 453 horum
756 403 904 451 agmini
945 413 983 438 se
1022 401 1279 451 subiungunt,
1322 401 1555 449 Einhardus‚

213 462 379 499 Ioannes
430 461 744 507 Sar-isberiensis,
792 460 1023 497 Vincentius
1073 460 1379 508 Bellovacensis,
1427 460 1555 496 Adam

214 521 508 566 Balsamiensis,
542 521 610 556 alii
642 532 719 556 non
750 521 876 567 pauci,
908 519 1053 556 nullius
1087 519 1136 556 ad
1166 521 1316 556 textum
1348 520 1554 556 restituen—

215 580 306 616 dum
338 580 466 628 pretii,
501 579 547 615 ab
578 579 651 616 hac
683 578 852 615 editione
878 579 1026 615 minore
1052 578 1263 615 amoliendi
1289 579 1409 614 erant.
1466 576 1554 614 Uno

214 639 298 676 loco
337 638 369 674 X
406 639 455 674 17
496 637 747 675 Vincentium
792 638 992 685 exscripsi,
1036 636 1103 673 ubi
1147 637 1225 673 alia
1268 639 1387 684 atque
1428 635 1553 673 Gellio

214 697 327 746 plura
366 697 495 744 affert,
533 697 636 744 quod
674 708 912 744 quamquam
951 708 995 732 ex
1030 696 1107 732 alio
1140 696 1247 732 fonte
1279 708 1365 732 eum
1398 696 1555 732 scivisse

214 758 327 804 puto,
371 757 472 793 sicut
515 758 553 792 et
596 755 760 792 Ioannes
802 754 1095 791 Sarisberiensis
1134 754 1151 790 I
1187 755 1237 790 14
1284 766 1327 790 ex
1365 754 1554 791 Frontino

212 815 328 862 plura
371 815 565 864 suggessit
601 814 759 863 Hygino
799 808 1036 865 Gelliano1),
1080 814 1211 850 tamen
1249 813 1364 861 plane
1402 814 1553 861 suppri-

213 885 316 910 mere
349 874 467 910 nolui.

302 1049 450 1087 Gellius
501 1062 587 1087 cum
635 1050 774 1087 silvam
819 1050 1018 1097 copiarum
1062 1048 1265 1085 collectam
1308 1048 1553 1095 proponeret,

213 1108 435 1145 nominibus
461 1109 712 1156 antiquitatis
738 1107 1008 1145 inclutissimis
1032 1106 1233 1143 schedulas
1254 1117 1342 1143 suas
1362 1106 1552 1154 implevit,

213 1170 268 1212 ut,
295 1168 362 1215 qui
390 1180 412 1203 a
438 1168 546 1204 nullo
572 1168 743 1204 monitus
769 1168 850 1203 eius
876 1165 1020 1202 librum
1040 1165 1256 1213 pervolvat,
1282 1165 1375 1212 quin
1397 1166 1554 1212 stupeat

213 1227 366 1275 largum
399 1239 542 1274 penum
574 1226 783 1272 doctrinae,
816 1226 942 1262 facere
974 1237 1050 1261 non
1081 1224 1215 1272 possit.
1271 1223 1459 1260 Attamen
1492 1235 1551 1259 ac-

213 1286 384 1322 curatius
417 1287 457 1322 in
489 1286 616 1322 fontes
649 1286 730 1322 eius
761 1285 1002 1332 inquirentes
1034 1295 1110 1320 non
1142 1283 1245 1332 fugit
1274 1281 1443 1319 Gellium
1475 1293 1551 1318 non

213 1356 283 1380 sua
314 1344 434 1380 solius
466 1356 583 1391 opera
614 1344 683 1380 hos
714 1343 915 1380 thesauros
942 1354 1198 1387 coacervasse,
1231 1340 1397 1378 sednon
1424 1341 1552 1377 minus

213 1415 252 1440 00
284 1403 541 1450 locupletasse
573 1402 762 1451 frugibus,
795 1414 894 1449 quae
919 1402 959 1437 in
987 1401 1124 1437 31101110
1152 1401 1254 1449 agris
1280 1398 1549 1436 nascebantur.

213 1460 368 1504 Qua'in
402 1474 441 1498 re
473 1464 604 1498 tamen
636 1461 751 1510 longe
784 1461 949 1497 antistat
980 1460 1160 1507 plurimis
1191 1459 1349 1495 illarum
1375 1459 1550 1494 aetatum

213 1520 476 1568 scriptoribus.
543 1520 645 1556 Nam
688 1531 765 1556 non
809 1519 988 1556 sollemni
1031 1530 1162 1554 eorum
1206 1529 1310 1553 more
1349 1518 1550 1553 auctorum

213 1590 370 1616 suorum
421 1591 466 1615 ne
512 1580 802 1615 nominatorum
846 1576 1002 1625 quidem
1045 1577 1188 1614 scrinia
1231 1575 1436 1624 expilavit,
1485 1574 1551 1612 sed

212 1632 482 1685 plernn1que‘2)
517 1637 678 1674 candide
711 1649 774 1674 eos
804 1648 879 1673 non
906 1635 1020 1672 laude
1046 1635 1178 1672 debita
1203 1634 1411 1671 defraudat
1436 1634 1551 1681 pleno

215 1774 353 1807 Gellius
373 1774 427 1807 bez]
449 1774 546 1807 Vino.
571 1783 636 1806 von
656 1774 841 1806 Beanrais
861 1770 991 1805 Philol.
1013 1770 1057 1803 LI
1078 1771 1195 1814 (1892)
1215 1782 1249 1814 p.
1274 1773 1351 1812 189,
1370 1768 1548 1802 Einhardi

212 1831 324 1853 unum
345 1820 443 1853 idem
459 1821 515 1854 ΖΜ
528 1820 715 1854 deutschen
732 1819 1073 1862 Geschichtsquellen
1085 1817 1207 1851 Neues
1221 1815 1354 1850 Archiv
1368 1815 1416 1849 XI
1432 1817 1549 1860 (1886)

213 1870 273 1908 63;
300 1867 355 1900 vd.
379 1868 416 1900 et
434 1866 565 1900 Philol.
587 1866 734 1900 XLVIII
754 1869 830 1900 564.
876 1865 1017 1899 Novam
1037 1864 1146 1898 Gellii
1168 1862 1549 1898 commemorationem

212 1914 249 1946 in
276 1913 436 1957 epistula
462 1913 598 1947 saeculi
625 1913 673 1946 IX
699 1912 892 1957 indagavit
916 1911 1135 1954 Duemmler,
1161 1910 1280 1944 Neues
1307 1909 1440 1943 Archiv
1466 1908 1550 1941 XIII

213 1962 330 2004 (1887)
358 1964 435 1993 355.
488 1960 636 1994 Glossas
670 1971 690 1994 a
716 1959 1017 1993 Reifferscheidio
1044 1958 1148 2002 (Mus.
1176 1958 1289 1991 Rhen.
1318 1956 1400 1989 XVI
1422 1960 1439 1989 1
1456 1958 1548 2000 sqq.)

214 2007 333 2041 editas
359 2007 494 2051 magis,
522 2018 632 2050 quam
659 2018 680 2040 a
704 2007 852 2041 Hei-tzio
879 2006 1019 2039 factum
1045 2006 1115 2048 est,
1143 2005 1189 2038 ad
1215 2005 1338 2048 partes
1365 2003 1499 2036 vocavi.

308 2059 340 2091 1)
367 2053 436 2087 cfr.
458 2054 568 2087 Hertz
594 2053 709 2097 praef.
732 2053 847 2086 XXIX
873 2055 909 2087 et
934 2053 949 2086 Ι
968 2064 1003 2096 p.
1025 2056 1079 2086 83.

307 2105 339 2144 2)
366 2101 407 2134 In
432 2100 536 2134 libris
556 2101 572 2134 I
591 2101 624 2134 V
644 2100 709 2134 XV
735 2102 862 2134 auctor
887 2100 965 2133 sine
990 2098 1074 2132 fuco
1101 2100 1137 2132 ct
1162 2097 1313 2131 fallacia
1338 2096 1550 2130 nominatur

211 2148 249 2181 in
289 2159 316 2181 C.
350 2148 365 2180 Ῑ
399 2152 434 2190 1;
474 2152 510 2189 2;
549 2152 586 2189 4;
627 2151 663 2188 ὃς
697 2151 733 2188 8;
768 2151 827 2189 1ος
862 2151 921 2189 123
956 2150 1009 2187 13,
1039 2149 1096 2188 1Ο;
1132 2149 1190 2187 14;
1224 2147 1284 2187 203
1318 2148 1377 2184 213
1411 2147 1471 2185 23;
1505 2146 1548 2176 25

212 2195 243 2228 V
272 2197 574 2237 73839,1——43
609 2198 667 2235 14;
699 2198 759 2236 173
788 2198 847 2237 183
875 2197 918 2227 20
949 2192 1015 2227 XV
1043 2197 1079 2235 13
1107 2196 1143 2235 23
1171 2196 1208 2232 ὃς
1236 2195 1272 2232 63
1301 2194 1331 2233 7,
1359 2194 1395 2232 33
1423 2194 1459 2230 83
1489 2193 1548 2231 103

214 2246 273 2282 1⁴23
303 2245 362 2283 173
391 2245 450 2283 193
478 2244 632 2283 23—2?;
657 2244 717 2283 293
739 2245 799 2281 303
827 2240 993 2284 apparet,
1020 2239 1082 2273 sed
1110 2237 1379 2282 quodammodo
1400 2236 1548 2271 abditus

216 2290 524 2330 133153‘24326
551 2287 583 2321 V
604 2291 951 2330 6311313319321
979 2285 1045 2320 XV
1065 2290 1097 2328 4,
1118 2285 1548 2327 celatur-1537393113
