1591 2474
48 328 90 357 25

107 90 132 130 6
416 88 695 122 PRAEFATIO.
749 87 982 122 CAPITVLA
1010 87 1092 120 Liss.
1117 87 1132 119 Ι

103 199 220 250 volo,
254 212 379 250 quam
412 197 510 237 dum
544 210 613 236 ero
647 196 698 236 ad
730 195 837 235 hanc
870 209 1037 247 quoque
1069 194 1311 235 facultatem
1346 195 1442 234 scri-

105 256 230 297 bendi
263 256 656 307 commentandique
689 254 874 294 idoneus.

194 314 342 368 Capita
367 329 518 366 rerum,
551 328 656 366 quae
683 314 833 365 cuique
861 312 1161 352 commentario
1188 313 1342 363 insunt,
1375 326 1442 351 ex-

106 374 323 427 posuimus
354 373 422 413 hic
455 373 660 423 universa,
696 374 742 411 ut
774 371 856 411 iam
891 371 1031 411 statim
1066 371 1309 423 declaretur,
1341 370 1442 423 quid

106 447 188 485 quo
222 433 265 472 in
296 432 404 472 libro
439 431 581 484 quaeri
614 430 875 482 invenirique
908 429 1051 482 possit.

404 690 717 737 CAPITVLA
756 689 925 735 LIBRI
965 688 1144 735 PRIMI

191 794 210 835 I
255 794 378 843 Quali
416 794 689 847 proportione
729 793 963 846 quibusque
997 791 1315 832 collectionibus
1348 791 1444 831 Plu-

105 855 272 894 tarchus
321 853 620 894 ratiocinatum
671 867 760 892 esse
803 851 1089 905 Pythagoram
1140 850 1443 903 philosophum

105 913 257 952 dixerit
302 912 350 952 de
394 911 785 964 comprehendenda
824 911 1009 963 corporis
1048 909 1318 962 proceritate,
1362 923 1444 962 qua

104 971 185 1012 fuit
216 970 440 1023 Hercules,
475 985 569 1010 cum
602 971 732 1010 vitam
766 970 874 1009 inter
905 969 1096 1009 homines
1130 968 1300 1007 viveret.

192 1029 233 1070 H
271 1028 337 1069 Ab
376 1028 544 1069 Herode
577 1028 721 1069 Attico
756 1027 797 1068 C.
826 1026 875 1067 V.
908 1027 1155 1080 tempestive
1194 1026 1444 1078 deprompta

104 1089 148 1129 in
169 1089 375 1142 quendam
396 1089 621 1128 iactantem
637 1090 683 1127 et
704 1087 937 1141 gloriosum
958 1086 1278 1137 adulescentem,
1305 1084 1443 1137 specie

104 1150 269 1188 tantum
301 1146 598 1200 philosophiae
631 1148 891 1197 sectatorem,
922 1144 1049 1184 verba
1082 1143 1267 1196 Epicteti
1298 1142 1444 1195 Stoici,

105 1206 257 1259 quibus
295 1206 504 1246 festiviter
539 1220 562 1245 a
597 1219 693 1245 vero
729 1204 870 1244 Stoico
905 1203 1086 1243 seiunxit
1117 1201 1267 1256 volgus
1299 1202 1444 1255 loqua-

105 1266 215 1305 cium
246 1265 518 1317 nebulonum,
552 1264 623 1317 qui
657 1278 698 1303 se
732 1262 897 1303 Stoicos
930 1263 1231 1314 nuncuparent.

191 1322 254 1363 HI
300 1322 420 1371 Quod
465 1322 585 1363 Chilo
624 1321 980 1362 Lacedaemonius
1025 1319 1246 1360 consilium
1292 1332 1442 1371 anceps

103 1397 178 1435 pro
221 1383 354 1422 salute
394 1382 517 1422 amici
556 1381 683 1434 cepit3
730 1380 924 1434 quodque
962 1381 1024 1419 est
1062 1379 1362 1430 circumspecte
1402 1379 1443 1417 et

105 1441 226 1481 anxie
278 1440 642 1491 considerandum,
693 1454 746 1479 an
792 1453 866 1491 pro
912 1437 1166 1477 utilitatibus
1212 1435 1443 1476 amicorum

106 1499 433 1552 delinquendum
465 1498 690 1551 aliquando
725 1498 794 1551 sit3
831 1498 1058 1549 notataque
1091 1495 1195 1535 inibi
1228 1497 1268 1535 et
1299 1495 1442 1545 relata,

105 1573 210 1612 quae
249 1561 289 1598 et
320 1557 637 1610 Theophrastus
671 1559 711 1596 et
743 1556 797 1595 M.
829 1554 972 1595 Cicero
1007 1568 1130 1607 super
1162 1568 1208 1593 ea
1239 1567 1283 1593 re
1315 1553 1443 1605 scrip—

105 1619 257 1657 serunt.

192 1674 253 1715 IV
286 1674 420 1723 Quam
446 1675 628 1715 tenuiter
655 1674 900 1726 curioseque
927 1671 1207 1725 exploraverit
1230 1669 1443 1710 Antonius

105 1733 293 1774 Iulianus
332 1735 376 1774 in
414 1734 603 1774 oratione
635 1732 690 1772 M.
717 1731 845 1772 Tullii
885 1731 1000 1771 verbi
1033 1730 1083 1770 ab
1118 1743 1165 1770 eo
1199 1729 1350 1769 mutati
1382 1743 1444 1769 ar-

108 1793 279 1847 gutiam.

194 1851 233 1891 V
272 1850 393 1899 Quod
425 1850 731 1890 Demosthenes
770 1849 912 1889 rhetor
951 1848 1066 1888 cultu
1100 1846 1286 1899 corporis
1319 1848 1443 1897 atque

106 1910 260 1950 vestitu
288 1909 454 1962 probris
481 1909 664 1949 obnoxio
692 1907 923 1960 infamique
950 1905 1158 1946 munditia
1182 1905 1280 1958 fuit3
1314 1904 1443 1957 quod-

108 1983 187 2021 que
238 1969 338 2008 item
384 1967 634 2007 Hortensius
681 1969 822 2007 orator
866 1966 918 2006 ob
964 1964 1169 2005 eiusmodi
1212 1963 1443 2003 munditias

107 2030 355 2080 gestumque
393 2027 437 2066 in
475 2026 635 2079 agendo
674 2025 970 2066 histrionicum
1002 2022 1230 2075 Dionysiae
1263 2021 1444 2061 saltatri-

109 2086 225 2125 culae
258 2088 537 2138 cognomento
572 2083 849 2137 compellatus
883 2085 956 2123 est.

202 2228 220 2257 3
248 2224 379 2267 Capita
408 2244 449 2248 --
475 2222 607 2267 possit]
635 2221 799 2266 capitula
824 2221 934 2265 primi
960 2219 1046 2253 libri.
1071 2219 1156 2252 hinc
1181 2217 1318 2251 relinco
1344 2220 1373 2249 R

205 2271 470 2314 Capitnlormn,
507 2281 598 2312 qnae
635 2270 675 2302 in
712 2269 916 2303 melioribus
946 2267 1127 2301 codicibus
1158 2265 1260 2298 libris
1289 2264 1445 2308 singulis

103 2319 271 2361 praefixa
303 2322 458 2359 exstant,
489 2317 613 2350 variae
641 2317 803 2350 lectiones
834 2319 916 2349 ante
948 2315 1028 2357 ipsa
1059 2313 1180 2355 capita
1208 2311 1447 2345 inveniuntur

1462 445 1477 470 5
