1591 2474
130 65 186 106 34
508 62 745 98 CAPITVLA
769 62 855 96 LIB.
883 61 977 95 XVI.
1003 61 1103 95 XVH

218 171 319 212 XIV
371 171 492 220 Quod
535 162 588 211 M.
626 168 729 210 Cato
775 170 940 210 differre
985 169 1090 208 dixit
1133 167 1388 221 ‘properare'
1433 170 1476 208 et

131 230 378 277 ‘festinan-e&
411 233 452 270 et
485 244 611 282 quam
644 229 910 269 incommode
939 227 1112 267 Verrius
1138 225 1314 267 Flaccus
1345 226 1476 278 verbi,

131 290 245 343 quod
277 292 340 329 est
372 288 586 339 “festinat’,
619 289 778 340 ἔτυμον
811 286 1108 339 interpretatus
1142 286 1206 325 sit.

219 347 299 388 XV
333 347 442 395 Quid
469 345 784 399 Theophrastus
817 345 973 385 mirum
1004 344 1053 384 de
1082 343 1321 397 perdicibus
1348 343 1476 396 scrip—

132 410 224 447 tum
256 406 476 458 reliquerit
508 408 548 444 et
581 404 681 456 quid
714 403 1016 456 Theopompus
1049 403 1097 443 de
1128 402 1356 455 leporibus.

220 464 322 505 XVI
367 462 612 518 ‘Agrippas’
651 478 675 502 a
706 465 851 515 partus
884 462 999 516 aegri
1031 464 1072 502 et
1103 461 1340 514 inprosperi
1371 460 1476 500 vitio

131 524 386 577 appellatos3
425 523 559 574 deque
595 521 661 561 his
701 521 875 573 deabus,
915 534 1020 573 quae
1056 521 1261 559 vocantur
1293 518 1477 559 ‘Prorsa’

132 586 174 623 et
207 580 469 622 ‘Postverta',

220 637 343 680 XVII
383 638 498 687 Quae
529 639 637 678 ratio
670 637 865 677 vocabuli
899 638 953 677 sit
985 637 1075 690 agri
1107 634 1313 675 Vaticani.

222 697 365 739 XVIII
414 697 573 750 Lepida
618 697 821 749 quaedam
867 699 908 735 et
950 697 1185 735 memoratu
1224 696 1264 733 et
1303 693 1477 747 cognitu

133 759 182 798 de
221 760 339 811 parte
376 756 649 810 geometriae,
687 769 793 807 quae
826 753 978 806 ὀπτικὴ
1012 753 1266 806 appellatur,
1304 754 1345 792 et
1376 752 1478 792 item

132 817 232 868 alia,
283 830 389 868 quae
438 815 663 866 κανονική,
713 816 754 853 et
800 813 922 852 tertia
967 812 1130 863 itidem,
1175 825 1281 864 quae
1325 810 1481 850 dicitur

306 876 313 886 r

134 890 323 973 METQXIX
362 930 540 984 Sumpta
571 930 748 970 historia
781 944 831 970 ex
858 928 1064 969 Herodoti
1095 928 1205 968 libro
1239 942 1363 980 super
1388 927 1480 966 fidi-

133 993 226 1032 cine
258 991 426 1031 Arione.

273 1131 589 1179 OAPITVLA
626 1130 799 1176 LIBRI
840 1128 1093 1176 SEPTIMI
1131 1127 1351 1174 DEOIMI

222 1224 241 1265 I
275 1224 396 1272 Quod
418 1222 562 1263 Gallus
582 1221 756 1262 Asinius
778 1225 819 1262 et
838 1221 1016 1275 Largius
1036 1219 1207 1260 Licinus
1229 1219 1481 1260 sententiam

135 1284 188 1324 M.
224 1282 436 1323 Ciceronis
475 1280 834 1334 reprehenderunt
872 1294 921 1320 ex
962 1280 1169 1331 oratione,
1209 1292 1335 1330 quam
1373 1278 1482 1317 dixit

135 1356 212 1396 pro
245 1342 298 1382 M.
329 1340 489 1393 Caeli03
522 1343 563 1380 et
596 1340 696 1392 quid
728 1339 926 1379 adversus
958 1337 1151 1377 homines
1184 1336 1482 1377 stolidissimos

137 1415 214 1454 pro
248 1400 392 1440 eadem
426 1398 633 1439 sententia
665 1412 778 1437 mere
811 1397 1020 1451 digneque
1053 1396 1135 1436 dici
1166 1396 1311 1448 possit.

224 1458 265 1498 II
308 1457 449 1498 Verba
488 1457 692 1509 quaedam
732 1470 782 1496 ex
823 1454 867 1503 Q.
903 1454 1051 1495 Claudi
1088 1455 1303 1494 annalium
1341 1453 1482 1506 primo

140 1517 294 1558 cursim
328 1517 372 1556 in
403 1515 582 1570 legendo
615 1517 770 1554 notata.

224 1574 285 1615 III
320 1574 461 1614 Verba
487 1573 540 1613 M.
568 1572 771 1612 Varronis
804 1586 853 1612 ex
885 1572 994 1612 libro
1028 1571 1175 1624 quinto
1209 1573 1249 1611 et
1280 1569 1481 1610 vicesimo

137 1635 430 1685 humanarum,
464 1632 617 1685 quibus
651 1633 795 1671 contra
829 1630 1071 1683 opinionem
1098 1628 1330 1683 volgariam
1356 1628 1482 1668 inter-

137 1695 327 1746 pretatus
360 1694 423 1732 est
454 1690 631 1730 Homeri
663 1704 841 1730 versum.

226 1750 286 1790 IV
321 1749 430 1798 Quid
456 1749 684 1789 Menander
715 1750 840 1800 poeta
866 1746 1105 1787 Philemoni
1137 1748 1285 1798 poetae
1318 1745 1483 1796 dixerit,

138 1825 162 1849 a
213 1823 296 1862 quo
348 1822 471 1861 saepe
521 1808 692 1861 indigne
740 1806 783 1845 in
828 1805 1126 1845 certaminibus
1171 1803 1482 1844 comoediarum

139 1870 361 1921 superatus
389 1870 469 1914 est;
496 1869 537 1906 et
564 1865 675 1917 quod
696 1864 939 1917 saepissime
959 1863 1182 1916 Euripides
1203 1863 1247 1902 in
1266 1861 1483 1915 tragoedia

138 1926 191 1966 ab
224 1925 485 1980 ignobilibus
518 1924 654 1977 poetis
686 1924 823 1962 Victus
856 1925 928 1962 est.

229 1983 267 2024 V
300 1983 580 2036 Nequaquam
608 1996 696 2022 esse
717 1996 875 2028 verum,
903 1980 1014 2032 quod
1034 1979 1207 2019 minutis
1229 1977 1482 2031 quibusdam

140 2042 374 2083 rhetoricae
413 2041 645 2081 artificibus
684 2040 891 2091 videatur,
929 2038 982 2078 M.
1011 2036 1254 2078 Ciceronem
1286 2037 1331 2076 in
1360 2036 1484 2088 libro,

140 2115 266 2153 quem
300 2101 349 2140 de
378 2100 563 2139 amicitia
590 2098 768 2151 scripsit,
800 2098 952 2137 vitioso
979 2098 1227 2150 argumento
1254 2109 1377 2135 usum
1405 2093 1482 2145 ἀμ-

141 2159 497 2212 φισβητούμενον
524 2156 619 2197 ἀντὶ
646 2154 1000 2209 ὁμολογουμένου
1024 2154 1235 2208 posuisse3
1260 2155 1484 2204 totumque

143 2218 186 2258 id
219 2216 520 2257 consideratius
553 2218 777 2255 tractatum
811 2214 1172 2266 exploratumque.

230 2275 290 2315 VI
338 2275 509 2315 Falsum
554 2288 660 2322 esse,
705 2272 816 2326 quod
855 2271 1028 2312 Verrius
1068 2270 1242 2310 Flaccus
1286 2269 1329 2309 in
1372 2269 1483 2309 libro
