1591 2474
163 67 215 107 12
619 66 854 101 CAPITVLA
878 66 964 101 LIB.
991 66 1041 100 Π]

258 173 341 216 VH
384 174 664 215 Historiaex
703 168 924 214 annalibus
962 177 1129 228 sumpta
1161 174 1210 215 de
1243 174 1290 223 Q.
1317 173 1509 216 Caedicio

168 233 341 274 tribuno
386 234 589 286 militum3
632 232 843 286 verbaque
888 247 937 273 ex
980 232 1213 287 originibus
1251 233 1306 274 M.
1341 232 1511 274 Catonis

169 293 374 346 apposita,
395 293 548 346 quibus
571 291 737 332 Caedici
757 292 958 332 virtutem
981 306 1076 332 cum
1097 291 1304 345 Spartano
1325 291 1513 332 Leonida

169 352 423 404 aequiperat:

256 408 361 451 VIII
417 409 602 449 Litterae
653 409 830 449 eximiae
880 408 1101 449 consulum
1153 408 1194 449 O.
1235 407 1421 449 Fabricii
1471 412 1512 449 et

169 467 215 516 Q.
242 466 416 508 Aemilii
461 468 513 508 ad
556 482 698 521 regem
737 466 917 520 Pyrrum
956 482 979 507 a
1018 466 1064 516 Q.
1092 465 1267 508 Claudio
1307 468 1512 521 scriptore

167 526 442 567 historia-rum
476 527 519 566 in
551 526 797 566 memoriam
832 526 962 566 datae.

255 584 316 626 IX
349 584 451 633 Quis
477 588 519 625 et
544 585 779 626 cuiusmodi
799 585 938 637 fuerit,
965 585 1037 637 qui
1058 585 1102 625 in
1120 584 1344 638 proverbio
1365 585 1512 638 fertur,

168 659 300 698 equus
335 643 528 698 Seianus3
565 646 606 683 et
639 643 775 697 qualis
809 643 925 684 color
956 657 1161 697 equorum
1194 644 1266 697 sit,
1300 644 1372 697 qui
1407 644 1511 696 ‘spa-

169 703 296 743 dices'
330 705 553 756 vocantur3
586 702 720 755 deque
752 703 875 742 istius
907 702 1105 743 vocabuli
1134 703 1308 742 ratione.

254 760 294 802 X
345 761 467 809 Quod
516 764 578 801 est
629 761 833 814 quaedam
884 761 1111 813 septenarii
1153 761 1318 801 numeri
1361 760 1426 801 vis
1472 763 1513 800 et

167 821 347 862 facultas
383 821 425 859 in
458 819 605 860 multis
637 822 812 860 naturae
843 819 968 859 rebus
1001 819 1310 872 animadversa,
1349 819 1398 859 de
1432 833 1514 872 qua

166 877 223 919 M.
245 877 403 919 Varrro
437 879 481 919 in
512 877 848 919 hebdomadibus
882 878 1048 918 disserit
1081 879 1262 931 copiose.

256 936 317 977 XI
359 936 522 985 Quibus
563 939 603 976 et
637 952 762 989 quam
795 937 958 977 frivolis
991 937 1251 991 argumentis
1284 936 1438 976 Accius
1470 937 1514 976 in

170 995 432 1036 didascalicis
480 998 642 1048 utatur,
693 995 845 1048 quibus
891 995 1039 1036 docere
1083 996 1234 1035 nit-itur
1278 993 1512 1049 Hesiodum

168 1069 258 1095 esse
292 1069 418 1108 quam
450 1052 685 1094 Homerum
718 1057 821 1094 natu
854 1054 1146 1107 antiquiorem.

255 1112 337 1154 XII
381 1113 567 1167 Largum
613 1116 738 1165 atque
776 1112 945 1152 avidum
983 1112 1156 1153 bibendi
1194 1127 1218 1152 a
1254 1111 1299 1152 P.
1324 1110 1514 1166 Nigidio,

169 1172 415 1213 doctissimo
447 1172 551 1224 viro,
583 1185 693 1212 nova
725 1174 767 1211 et
793 1186 923 1224 prope
950 1171 1130 1211 absurda
1156 1170 1350 1211 vocabuli
1377 1171 1513 1224 figura

170 1230 397 1271 ‘bibosum’
433 1230 604 1270 dictum.

255 1288 360 1329 XIII
393 1288 515 1337 Quod
540 1288 848 1329 Demosthenes
883 1289 1103 1329 etiamtum
1129 1287 1385 1342 adulescens7
1417 1302 1512 1328 cum

166 1347 357 1388 Platonis
389 1347 636 1401 philosophi
670 1347 901 1400 discipulus
927 1348 1049 1400 foret,
1082 1347 1225 1387 audito
1252 1347 1362 1386 forte
1389 1344 1512 1386 Calli-

167 1409 300 1447 strato
332 1407 501 1447 rhetore
535 1407 577 1446 in
611 1407 807 1447 contione
839 1405 989 1459 populi
1021 1406 1184 1445 destitit
1216 1420 1239 1445 a
1264 1404 1442 1445 Platone
1472 1407 1514 1445 et

169 1467 352 1506 sectatus
387 1464 677 1505 Callistratum
710 1467 782 1504 est.
986 1464 989 1467 ’

255 1522 359 1564 XIV
390 1522 641 1564 ‘Dimidium
667 1523 822 1563 librum
850 1522 948 1577 legi’
977 1525 1049 1562 aut
1071 1522 1303 1562 ‘dimidiam
1324 1522 1510 1562 fabulam

169 1582 325 1622 audivi⁷
367 1582 532 1635 aliaque
570 1581 863 1622 huiuscemodi
903 1582 975 1634 qui
1009 1581 1137 1633 dicat,
1174 1581 1326 1621 vitiose
1359 1580 1513 1635 dicere3

169 1642 341 1694 eiusque
380 1641 475 1681 vitii
507 1654 653 1680 causas
684 1640 856 1680 reddere
888 1638 943 1680 M.
970 1638 1222 1693 Varronem3
1262 1654 1337 1679 nec
1370 1653 1512 1692 quein—

169 1714 296 1753 quam
329 1703 513 1740 veterem
545 1699 661 1740 hisce
694 1698 832 1739 verbis
866 1699 925 1738 ita
956 1713 1079 1738 usum
1112 1712 1211 1738 esse.

255 1757 337 1799 XV
379 1757 538 1798 Extare
577 1759 621 1798 in
658 1757 811 1797 litteris
844 1771 1001 1810 perque
1033 1757 1253 1797 hominum
1287 1757 1511 1797 memorias

167 1816 384 1868 traditum,
419 1816 531 1870 quod
563 1818 734 1870 repente
760 1815 906 1855 multis
933 1818 1112 1855 mortem
1141 1815 1284 1855 attulit
1310 1815 1510 1869 gaudium

167 1876 317 1929 ingens
344 1876 603 1928 insperatum
630 1874 859 1915 interclusa
885 1875 1025 1914 anima
1051 1877 1091 1914 et
1116 1874 1202 1913 vim
1229 1874 1373 1927 magni
1395 1874 1511 1913 novi-

169 1948 250 1986 que
284 1937 425 1974 motus
457 1947 543 1974 non
576 1934 818 1973 sustinente.

255 1991 355 2032 XVI
383 1991 603 2045 Temporis
622 1992 804 2032 varietas
826 1991 869 2031 in
888 1990 1122 2044 puerperiis
1142 1989 1367 2030 mulierum
1389 2004 1511 2042 quae—

167 2065 265 2091 nam
299 2051 353 2091 sit
385 2065 408 2090 a
440 2051 613 2090 medicis
644 2053 684 2090 et
710 2064 733 2089 a
758 2049 1025 2103 philosophis
1050 2049 1222 2101 tradita3
1254 2050 1380 2101 atque
1405 2048 1511 2087 inibi

166 2112 387 2162 poetarum
428 2123 595 2162 quoque
634 2112 823 2148 veterum
863 2122 989 2161 super
1027 2108 1171 2148 eadem
1207 2120 1251 2146 re
1291 2107 1510 2159 opiniones

166 2167 385 2220 multaque
417 2168 499 2208 alia
531 2168 677 2207 auditu
710 2170 836 2220 atque
863 2168 1098 2206 memoratu
1125 2166 1269 2219 digna3
1301 2164 1510 2218 verbaque

165 2227 258 2279 ipsa
282 2225 557 2280 Hippocratis
590 2225 743 2266 medici
775 2240 825 2265 ex
857 2225 967 2265 libro
998 2224 1113 2265 illius
1140 2226 1320 2277 sumpta,
1352 2224 1425 2276 qui
1452 2223 1510 2263 in-

165 2285 348 2339 scriptus
380 2287 444 2325 est
475 2283 571 2338 περὶ
605 2285 801 2340 moestae}
