1617 2484
652 68 697 101 vi
726 68 816 101 ‹vlr
845 73 863 100 :5
1345 69 1427 106 245»

97 178 272 218 otiosam
308 192 475 229 operam
512 178 549 216 in
586 192 667 216 non
700 177 941 216 necessariis
970 176 1105 215 verbis
1134 175 1270 215 sumit.
1331 174 1485 218 lam-2²1

96 236 250 276 dudum
292 236 398 276 enim
441 237 627 289 negotia,
668 236 851 288 pericula
892 236 980 288 ipsa
1021 250 1155 274 rerum
1194 234 1433 274 communia

96 295 281 336 consiliis
326 309 395 335 eos
435 295 646 347 ‹apiendis
686 295 930 345 conciliant,
975 297 1015 334 et
1054 294 1133 346 ipsi
1173 294 1314 346 potius
1355 293 1430 332 sibi

96 357 328 407 exposcunt
378 354 630 394 consultoris
681 354 1017 393 benivolentiam.
1094 352 1174 392 Sed
1220 352 1329 404 quod
1377 352 1434 392 ait
1451 365 1492 394 22

62 433 76 457 5
99 414 332 454 confessum
363 412 599 453 Catonem
632 413 816 452 noluisse
853 411 1070 451 lhidiensis
1104 412 1161 451 ita
1191 411 1435 463 depugnari,

98 475 143 512 ut
188 471 474 526 depugnatum
520 474 599 523 est,
643 486 778 523 neque
823 485 961 523 regem
1003 470 1169 509 Persem
1216 486 1237 509 a
1278 464 1434 523 populo

42 535 43 538 ’
98 530 289 570 Romano
333 531 462 575 vinci,
506 534 631 582 atque
677 530 716 570 id
756 544 848 569 eum
890 529 1042 568 dixisse
1082 544 1162 568 nou
1209 529 1435 569 Rodienses

100 589 242 641 modo,
281 589 351 629 sed
384 590 538 629 multas
572 604 739 641 quoque
772 589 874 628 alias
907 589 1097 628 nationes
1131 589 1333 639 noluisse,
1366 588 1433 627 sed

98 648 138 689 id
177 648 280 688 nihil
321 648 371 688 ad
405 648 667 702 purgandum
703 647 1065 688 extenuandumve
1099 647 1255 687 crimen
1291 648 1437 693 valere,

98 708 179 747 iam
212 706 293 747 hoc
326 708 507 759 primum
535 707 651 746 Tiro
679 706 855 759 inprobe
882 707 1093 746 mentitur.
1151 706 1289 745 Verba
1318 706 1437 758 ponit
1453 718 1494 747 23

99 766 305 806 Catonis
339 769 379 806 et
411 766 503 806 aliis
536 769 676 806 tamen
703 780 794 805 eum
825 765 963 805 verbis
991 765 1281 804 calumniatur.
1338 764 1435 804 Non
1453 778 1494 806 24

99 826 209 866 enim
237 823 358 865 Cato
385 827 611 865 confitetur
636 825 820 864 noluisse
844 824 1075 863 Rodienses
1102 824 1318 863 victoriam
1349 838 1437 863 esse

99 884 246 938 populi
272 883 465 935 Romani,
498 884 568 924 sed
602 898 690 924 sese
723 884 916 923 arbitrari
944 883 1051 923 dixit
1078 882 1119 922 id
1146 898 1215 922 eos
1242 883 1438 928 noluisse,

100 943 211 996 quod
250 946 338 983 erat
376 943 523 996 procul
557 942 684 983 dubio
718 943 928 995 opinionis
962 956 1059 981 suae
1094 942 1316 994 professio,
1354 956 1435 981 non

100 1001 375 1042 Rodiensium
420 1002 566 1054 eulpae
611 1002 829 1042 confessio.
904 1000 951 1040 ln
991 1015 1072 1053 qua
1110 1016 1171 1053 re,
1216 1004 1261 1040 ut
1299 1015 1437 1039 meum
1455 1012 1497 1041 25

102 1060 270 1113 quidem
315 1060 516 1100 iudicium
561 1064 641 1113 est,
684 1075 769 1100 non
814 1061 937 1113 eulpa
980 1062 1144 1100 tantum
1188 1062 1324 1111 vacat,
1369 1059 1439 1099 sed

102 1120 254 1173 dignus
293 1134 460 1172 quoque
499 1120 621 1159 laude
660 1119 1020 1171 admirationeque
1060 1122 1139 1169 est,
1178 1133 1270 1158 cum
1309 1122 1350 1158 et
1381 1119 1440 1158 in-

102 1193 236 1233 genue
276 1193 323 1219 ae
361 1179 554 1233 religiose
594 1178 730 1219 dicere
767 1178 881 1218 visus
920 1180 982 1218 est
1021 1180 1165 1217 contra
1198 1177 1440 1228 Rodienses,

103 1237 215 1290 quod
249 1237 467 1290 sentiebat,
499 1241 540 1278 et
572 1240 691 1290 parta
724 1237 804 1277 sibi
836 1237 1025 1277 veritatis
1058 1236 1139 1277 fide
1172 1237 1309 1289 ipsum
1336 1236 1440 1276 illud

51 1316 64 1339 2
102 1300 256 1348 tamen,
289 1296 401 1348 quod
434 1297 690 1337 contrarium
723 1296 963 1349 putabatur,
994 1296 1112 1335 flexit
1145 1299 1184 1336 et
1213 1295 1442 1347 transtulit,

102 1359 150 1396 ut
191 1369 261 1395 eos
300 1355 454 1395 idcirco
494 1356 560 1395 vel
598 1356 779 1395 maxime
818 1369 999 1407 aequum
1039 1358 1146 1395 esset
1185 1354 1441 1407 acceptiores

104 1415 367 1466 carioresque
405 1415 496 1454 fieri
534 1415 692 1467 populo
725 1413 936 1466 Romano,
975 1413 1087 1466 quod
1127 1428 1221 1453 cum
1260 1417 1301 1453 et
1339 1413 1442 1452 utile

103 1474 138 1513 is
171 1476 279 1513 esset
312 1476 352 1513 et
384 1474 541 1513 vellent
572 1474 661 1527 regi
694 1487 781 1513 esse
813 1473 985 1524 factum,
1016 1473 1123 1512 nihil
1154 1476 1296 1512 tamen
1328 1471 1441 1511 adiu-

103 1532 230 1572 vandi
263 1532 350 1572 eius
383 1533 518 1586 gratia
550 1532 735 1572 fecerint.

191 1590 342 1631 Postea
368 1590 495 1631 verba
522 1590 623 1631 haee
651 1606 700 1631 ex
728 1590 870 1631 eadem
900 1591 1088 1630 oratione
1109 1590 1230 1643 ponit
1249 1589 1440 1642 (12⁷3J.):
1458 1601 1501 1629 26

104 1649 190 1689 ‘Ea
240 1664 377 1690 nuno
427 1650 720 1702 derepente
770 1652 923 1690 tanta
973 1649 1249 1689 beneficia
1296 1649 1442 1688 ultro

105 1709 376 1761 citroque,
431 1711 636 1749 tantam
691 1708 988 1748 amicitiam
1038 1708 1443 1759 relinquemus?

105 1767 241 1820 quod
288 1767 419 1807 illos
464 1767 694 1807 dicimus
732 1767 977 1806 voluisse.
1016 1766 1216 1815 faeere,
1261 1766 1309 1805 id
1350 1780 1442 1805 nos

105 1826 299 1879 priores
343 1825 507 1865 facere
554 1825 954 1878 occupabimus‘?'
1032 1824 1136 1865 Hoc
1181 1825 1319 1877 inquit
1363 1836 1501 1865 eii-⁴27

53 1905 57 1911 ·
104 1884 356 1938 thymema
388 1898 598 1938 nequam
632 1887 679 1924 et
710 1884 949 1924 vitiosum
983 1887 1067 1923 est.
1130 1883 1443 1937 Responderi

106 1944 235 1984 enim
279 1943 464 1996 potuit:
510 1943 870 1996 occupabimus
916 1946 1068 1987 certe:
1112 1957 1221 1982 nam
1264 1943 1303 1982 si
1347 1956 1445 1982 non

107 2002 578 2055 occupaverimus,
634 2002 1020 2055 opprimemur,
1071 2001 1443 2042 incidendum-

201 2121 220 2150 2
246 2129 293 2161 p„
318 2117 399 2160 ipsa
419 2128 445 2150 r.
468 2117 674 2150 communio
692 2118 798 2151 nlius.
820 2120 830 2159 Η
852 2122 870 2151 ῠ
898 2117 990 2150 conf.
1014 2117 1171 2151 fuisseR
1194 2117 1197 2161 ι
1220 2116 1421 2160 pugnariR
1444 2128 1445 2160 3

109 2170 148 2199 11
171 2167 207 2198 et
228 2164 328 2210 (ex)
350 2165 462 2198 Hertz
481 2166 492 2207 1!
514 2167 556 2196 14
576 2174 642 2197 nec
659 2168 689 2197 R
707 2166 718 2207 Η
741 2167 782 2198 18
803 2164 904 2197 nisus
919 2165 1030 2198 Hertz
1051 2166 1061 2208 ΙΙ
1082 2168 1124 2197 22
1145 2163 1255 2198 utiles
1276 2165 1397 2198 essent
1417 2178 1444 2197 ω

106 2223 194 2246 corr.
222 2213 334 2246 Hertz
359 2212 370 2254 l}
396 2214 439 2244 23
471 2213 508 2252 et
533 2210 672 2244 factum
697 2214 738 2252 R,
774 2212 866 2244 uncle
887 2213 1005 2254 pos-sis
1030 2212 1084 2244 ita
1110 2211 1133 2244 f.
1162 2214 1172 2255 Η
1199 2214 1241 2244 ‘25
1274 2213 1361 2244 rone
1386 2214 1416 2242 R
1435 2216 1445 2254 z}

109 2262 151 2292 26
177 2258 221 2291 Ei
240 2262 270 2291 R
295 2258 346 2292 Eo
367 2258 510 2292 Jordan
535 2259 545 2301 Η
571 2261 613 2291 29
642 2258 914 2301 occupauimus.
954 2258 1031 2292 Hoc
1058 2258 1208 2301 inquam
1234 2272 1260 2291 ω
1281 2260 1291 2301 Η
1312 2261 1354 2290 32
1382 2268 1444 2301 op-

106 2305 299 2349 primimur
321 2305 596 2348 uidendumque
615 2308 640 2337 P
