1611 2474
137 38 219 78 168
701 38 751 72 ΙΠ
779 41 838 81 14;
867 42 909 72 15

137 145 400 200 giniensibus
427 145 487 186 ita
513 145 682 199 scripsit
709 144 763 198 (p.
785 146 838 186 56
855 146 909 198 fr.
930 145 1048 198 3J.):
1078 144 1318 186 Homines
1345 144 1481 186 defo-

140 204 320 245 derunt
351 204 401 244 in
433 207 617 245 terram
651 202 947 244 dimidiatos
974 204 1240 259 ignemque
1273 204 1482 245 circum-

81 257 435 317 20posuer'unt‚
487 262 557 303 ita
608 262 988 303 interfecerunt.
1060 261 1211 316 Neque
1258 262 1482 316 quisquam

140 321 347 374 omnium,
393 321 466 374 qui
509 321 641 374 probe
684 321 817 362 locuti
862 324 978 374 sunt,
1020 319 1086 361 his
1124 321 1261 362 verbis
1300 321 1483 374 sequiuS‚

140 394 266 434 quam
299 379 398 432 dixi,
429 394 529 420 usus
563 382 637 420 est.

773 472 853 513 XV

139 552 274 586 Extare
306 552 344 586 in
375 552 511 587 litteris
543 564 682 597 perque
714 553 904 587 hominum
936 554 1130 587 memorias
1156 553 1352 594 traditum,
1385 552 1484 595 quod

185 601 338 643 repente
375 600 502 634 multis
534 601 689 634 mortem
723 599 851 633 attulit
881 600 1059 644 gaudium
1090 601 1221 644 ingens
1254 600 1484 643 insperatum

187 646 389 681 interclusa
415 647 539 681 anima
559 649 596 682 et
615 647 689 680 vim
708 647 835 691 magni
855 647 1013 690 novique
1032 649 1152 681 motus
1174 658 1246 680 non
1267 646 1482 681 sustinente.

105 742 123 771 1
231 728 413 784 Cognito
439 733 613 784 repente
639 731 852 784 insperato
879 730 1034 785 gaudio
1061 732 1273 784 expirasse
1299 730 1483 771 animam

140 788 268 829 refert
311 787 621 830 Aristoteles
667 788 949 843 philosophus
989 790 1059 842 (fr.
1092 792 1173 830 559
1212 789 1318 840 VR.)
1359 788 1484 842 Poly-

106 846 309 900 sentam,
341 847 529 888 nobilem
561 848 762 889 feminam
794 847 918 888 Naxo
951 848 1098 889 insula.
1160 847 1484 901 Philippides

142 919 322 959 quoque,
355 906 669 947 comoediarum
701 909 827 960 poeta
858 907 963 947 haut
989 907 1203 961 ignobilis,
1234 909 1371 947 aetate
1401 906 1483 947 iam

142 964 265 1017 edita,
291 979 386 1005 cum
414 965 458 1005 in
485 966 713 1006 certamine
739 968 960 1019 poetarum
987 968 1154 1019 praeter
1179 979 1296 1019 spem
1316 964 1486 1006 vicisset

142 1026 184 1064 et
226 1024 456 1064 laetissime
500 1024 718 1078 gauderet,
766 1023 876 1064 inter
919 1024 1024 1064 illud
1068 1024 1270 1078 gaudium
1313 1026 1486 1077 repente

107 1091 127 1122 3
142 1085 335 1122 mortuus
356 1085 430 1123 est.
480 1081 544 1123 De
564 1082 702 1123 Rodio
723 1082 851 1123 etiam
871 1081 1059 1137 Diagora
1080 1083 1288 1124 celebrata
1307 1082 1487 1123 historia

143 1143 216 1181 est.
275 1139 315 1180 Is
347 1140 556 1195 Diagoras
588 1141 664 1182 tris
696 1141 808 1182 filios
841 1141 1129 1182 adulescentes
1161 1141 1323 1194 habuit,
1355 1155 1486 1181 unum

142 1198 350 1253 pugilem,
400 1200 580 1240 alterum
625 1199 955 1253 pancratiasten,
1004 1200 1178 1241 tertium
1222 1201 1486 1241 luctatorem.

142 1257 228 1298 Eos
268 1257 405 1299 omnis
440 1258 547 1299 vidit
578 1259 745 1300 vincere
777 1259 1055 1312 coronarique
1086 1257 1308 1312 Olympiae
1340 1258 1487 1299 eodem

145 1316 211 1357 die
242 1319 295 1368 et,
328 1331 423 1358 cum
456 1317 516 1357 ibi
549 1331 644 1358 eum
677 1320 762 1358 tres
794 1318 1082 1358 adulescentes
1109 1317 1294 1371 amplexi
1320 1317 1487 1358 coronis

144 1375 230 1415 suis
269 1376 313 1415 in
348 1379 476 1429 caput
507 1376 640 1429 patris
673 1376 824 1429 positis
857 1376 1138 1428 saviarentur,
1176 1390 1271 1417 cum
1304 1376 1488 1429 populus

144 1434 479 1488 gratulabundus
517 1434 642 1475 flores
680 1434 867 1488 undique
904 1434 949 1475 in
987 1449 1082 1475 eum
1121 1435 1291 1487 iaceret,
1332 1434 1487 1474 ibidem

144 1492 189 1532 in
221 1492 356 1533 stadio
389 1493 655 1546 inspectante
686 1494 846 1547 populo
878 1493 923 1534 in
955 1494 1109 1534 osculis
1136 1496 1263 1546 atque
1288 1493 1332 1533 in
1357 1493 1488 1533 mani-

145 1551 223 1591 bus
255 1550 442 1591 filiorum
474 1551 656 1592 animam
692 1551 863 1592 efflavit.

107 1621 131 1651 4
233 1608 454 1651 Praeterea
481 1610 525 1650 in
550 1610 742 1651 nostris
768 1609 1037 1651 annalibus
1064 1610 1270 1663 scriptum
1296 1610 1488 1664 legimus,

147 1682 229 1721 qua
260 1671 513 1722 tempestate
545 1669 656 1723 apud
689 1668 854 1709 Cannas
887 1669 1096 1709 exercitus
1128 1668 1276 1722 populi
1305 1667 1489 1709 Romani

146 1741 291 1767 caesus
326 1730 406 1780 est,
444 1742 572 1768 anum
605 1730 783 1768 matrem
815 1727 966 1767 nuntio
999 1727 1049 1768 de
1081 1730 1217 1768 morte
1248 1727 1327 1767 filii
1359 1728 1489 1768 allato

144 1786 262 1826 luctu
295 1788 423 1838 atque
454 1800 642 1827 maerore
675 1786 869 1827 affectam
903 1800 1009 1839 esse3
1042 1785 1113 1826 sed
1142 1786 1176 1826 is
1202 1785 1377 1826 nuntius
1403 1799 1490 1826 non

243 1916 282 1945 11
310 1912 481 1947 Parthen.
505 1923 574 1946 am.
595 1923 689 1946 narr.
713 1916 732 1946 9
759 1912 853 1946 Plut.
875 1912 961 1946 mul.
983 1912 1064 1946 virt.
1089 1915 1130 1946 17
1151 1912 1323 1956 Polyaen.
1345 1911 1429 1946 VIII
1446 1915 1490 1946 36

198 1962 240 1992 13
267 1958 402 1993 Fronto
424 1972 457 2004 p.
482 1963 560 2001 ⁵235,
584 1965 599 1993 1
615 1959 659 1993 N.
687 1959 795 2003 Apul.
819 1960 865 1993 de
885 1960 953 1993 deo
975 1958 1007 1993 S.
1032 1963 1073 1992 16
1095 1971 1129 2003 Ρ,
1152 1963 1196 1992 50
1353 1962 1395 1992 16
1411 1970 1489 2002 sqq.

148 2005 219 2039 Cic.
236 2005 341 2039 Tusc.
356 2006 372 2039 Ι
386 2011 441 2049 46,
460 2010 522 2040 111
545 2006 652 2040 Paus.
668 2006 717 2040 VI
733 2010 763 2048 7,
780 2010 799 2040 3
821 2006 882 2040 cfr.
898 2006 1004 2050 Diog.
1020 2006 1058 2039 L.
1073 2006 1089 2039 I
1104 2010 1134 2047 3,
1152 2010 1194 2039 72
1307 2009 1350 2039 23
1370 2006 1488 2039 Amm.

147 2051 264 2085 XXIX
287 2057 316 2094 1,
339 2057 381 2086 26
534 2058 576 2087 25
593 2065 669 2096 sqq.
697 2053 789 2087 Plin.
811 2053 877 2086 VH
898 2057 952 2095 53,
977 2056 1041 2086 180
1068 2053 1143 2086 Liv.
1165 2052 1265 2086 XXII
1286 2056 1316 2095 7,
1339 2056 1381 2086 13
1407 2052 1488 2086 Val.

147 2098 242 2132 Max
265 2099 314 2132 IX
336 2103 389 2141 12,
411 2104 430 2133 2

243 2220 262 2249 2
289 2227 449 2260 igneque
474 2219 539 2249 RV
559 2218 570 2260 Η
590 2221 610 2250 4
638 2217 741 2260 sequi
766 2227 923 2260 usquam
951 2231 977 2250 ω
997 2219 1010 2262 ΙΙ
1030 2220 1047 2250 7
1075 2217 1173 2251 tradi
1201 2227 1221 2254 ς
1239 2217 1251 2260 ΙΙ
1272 2220 1314 2249 21
1341 2215 1491 2260 populis

147 2263 432 2308 gratulabundis
452 2263 495 2295 P¹
515 2265 526 2307 ΙΙ
547 2267 588 2297 23
616 2264 731 2297 oculis
752 2267 781 2296 R
800 2266 811 2307 ΙΙ
832 2267 874 2298 28
901 2264 939 2298 id
958 2267 988 2297 R

1504 747 1538 773 10

1507 1040 1539 1066 15

1507 1334 1543 1359 20

1509 1626 1542 1652 25
