1617 2484
702 72 732 105 V
761 77 801 106 19
1339 73 1422 113 237

172 180 274 221 Eius
308 180 540 233 rogationis
573 180 699 220 verba
732 180 834 220 haec
867 184 981 220 sunt:
1013 179 1217 232 Velitis,
1256 180 1424 219 iubea-
1464 193 1482 220 ε)

83 240 176 291 tis,
221 239 299 279 uti
337 238 380 278 L.
415 237 672 278 Valerius
711 238 755 278 L.
789 238 936 278 Titio
981 242 1083 279 tani
1126 239 1240 279 iure
1280 239 1423 291 lege-

83 312 181 350 que
220 297 378 337 filius
418 297 543 349 siet,
581 311 732 349 quani
773 297 815 336 si
855 312 913 336 ex
952 312 1009 335 eo
1046 300 1198 349 patre
1232 300 1423 337 matre-

83 370 181 408 que
237 355 480 395 familias
537 356 652 395 eius
708 358 866 395 natus
917 358 1081 407 essct,
1138 356 1327 407 utique
1379 356 1422 395 ei

47 433 62 457 5
84 414 216 454 vitae
255 414 492 466 necisque
532 414 580 453 in
619 428 724 453 eum
765 416 992 467 potestas
1032 414 1145 465 siet,
1184 414 1255 454 uti
1293 414 1424 466 patri

83 472 217 512 endo
255 472 381 512 filio
421 475 511 512 est.
582 471 723 513 Haec
761 472 858 524 ita,
902 472 981 512 uti
1021 472 1156 524 dixi,
1198 473 1273 513 ita
1312 486 1425 524 vos,

84 530 326 582 Quirites,
358 544 491 583 rogo.

171 588 319 641 Neque
347 589 534 641 pupillus
560 592 701 628 autem
727 603 862 641 neque
890 589 1052 641 mulier,
1079 604 1184 641 quac
1212 589 1255 629 in
1279 603 1424 641 paren·
1442 600 1483 629 10

82 648 137 688 tis
178 650 386 700 potestate
425 661 510 687 non
549 650 628 699 est,
673 647 866 701 adrogari
905 650 1099 700 possunt:
1145 648 1345 700 quoniam
1385 651 1425 688 et

32 725 64 749 ιο
85 720 179 747 cum
217 705 385 745 feminis
424 706 539 745 nulla
572 706 841 746 comitiorum
874 707 1114 746 communio
1148 709 1210 746 est
1243 709 1283 746 et
1316 709 1426 746 tuto-

84 764 200 804 ribus
232 764 276 804 in
308 764 493 817 pupillos
525 767 686 804 tantam
717 778 805 804 esse
832 765 1125 805 auctoritatem
1154 767 1425 817 potestatem-

84 837 164 875 que
191 823 253 862 fas
280 837 365 862 non
392 825 466 875 est,
492 825 539 862 ut
565 825 692 875 caput
714 823 894 862 liberum
915 823 1012 863 fidei
1034 837 1131 863 suae
1153 823 1423 863 commissum

83 881 243 921 alienae
276 881 431 921 dicioni
464 881 683 921 subiciant.
740 880 981 921 Libertinos
1013 896 1111 921 vero
1145 882 1196 922 ab
1230 881 1424 935 ingenuis
1442 892 1481 921 11

83 940 276 993 adoptari
291 938 459 992 quidem
475 939 563 979 iure
578 954 702 993 posse
716 939 938 979 Masuriu
949 955 966 980 s
985 939 1202 980 Sabinus
1217 941 1287 992 (fr.
1300 943 1358 980 27
1369 940 1424 980 H

32 1017 63 1041 15
86 999 161 1038 mr.
187 999 258 1038 civ.
287 1001 339 1038 60
358 997 454 1045 Br.)
487 998 665 1051 scripsit.
729 996 811 1038 Sed
849 998 890 1038 id
928 1013 1064 1051 neque
1103 998 1292 1052 permitti
1325 998 1425 1038 dicit
1442 1009 1482 1038 12

84 1070 218 1109 neque
258 1056 585 1109 permittendum
620 1071 709 1096 esse
741 1071 942 1109 umquam
976 1060 1117 1110 putat,
1155 1059 1201 1097 ut
1232 1056 1425 1096 homines

83 1115 270 1155 libertini
315 1115 472 1155 ordinis
517 1130 591 1168 per
634 1115 883 1168 adoptiones
928 1116 972 1155 in
1016 1116 1105 1155 iura
1144 1115 1424 1169 ingenuorum

84 1173 294 1214 invadant.
356 1171 620 1226 Alioquin,
658 1174 797 1226 inquit
835 1174 875 1213 si
913 1174 1039 1214 iuris
1072 1175 1170 1214 ista
1202 1173 1423 1226 antiqui-
1441 1183 1482 1213 13

83 1235 158 1273 tas
198 1234 444 1284 servetur,
482 1232 631 1272 etiam
672 1247 843 1272 servus
878 1247 902 1272 a
935 1233 1134 1272 domino
1168 1246 1254 1285 per
1285 1246 1425 1285 prae-

31 1309 64 1333 20
84 1294 242 1331 torem
293 1290 399 1330 dari
451 1290 501 1330 in
528 1334 531 1337 ³
550 1290 873 1343 adoptionem
924 1293 1104 1343 potest.
1184 1289 1314 1343 quue
1366 1290 1425 1330 ait
1441 1300 1484 1330 14

84 1350 307 1402 plerosque
333 1348 435 1388 iuris
455 1349 607 1389 veteris
628 1352 820 1389 auctores
841 1348 1032 1401 (Catonis
1042 1351 1095 1400 fr.
1111 1352 1157 1389 43
1172 1349 1203 1389 I
1203 1363 1244 1400 p.
1260 1351 1316 1390 21
1329 1348 1424 1401 ΒΥ.)

85 1421 208 1461 posse
240 1407 330 1447 fieri
363 1407 590 1460 scripsisse.
1277 1460 1280 1462 v

171 1464 559 1505 Animadvertimus
586 1466 629 1505 in
656 1466 885 1506 oratione
912 1466 956 1506 P.
979 1464 1255 1519 Scipionis,
1281 1479 1425 1517 quam
1442 1475 1484 1505 15

85 1538 261 1564 censor
291 1523 470 1564 habuit
502 1523 558 1564 ad
592 1525 832 1577 populum
866 1524 921 1564 de
954 1525 1196 1576 moribus,
1228 1524 1338 1564 inter
1367 1537 1427 1575 ea,

32 1600 64 1625 25
86 1596 192 1635 quae
235 1581 586 1635 reprehendebat,
633 1582 746 1635 quod
789 1585 936 1623 contra
980 1583 1187 1623 maiorum
1231 1582 1427 1622 instituta

85 1641 246 1693 fierent,
277 1639 319 1680 id
352 1641 479 1680 etiam
511 1655 606 1680 eum
640 1641 887 1694 culpavisse,
920 1642 1033 1694 quod
1064 1641 1177 1681 filius
1203 1640 1426 1692 adoptivos

86 1699 196 1752 patri
222 1698 461 1752 adoptatori
480 1699 591 1739 inter
610 1700 796 1752 praemia
816 1702 985 1752 patrum
1006 1699 1233 1752 prodesset.
1284 1697 1426 1737 Verba
1443 1708 1485 1738 16

87 1772 138 1797 ex
188 1771 235 1797 ea
279 1757 467 1797 oratione
511 1757 615 1798 haec
659 1760 757 1797 sunt
800 1756 961 1809 (ORF2
983 1771 1027 1809 p.
1061 1757 1179 1808 180):
1228 1755 1284 1796 In
1327 1756 1427 1796 alia

86 1815 224 1856 tribu
262 1818 472 1868 patrem,
509 1815 560 1855 in
597 1816 696 1855 alia
733 1814 899 1855 filium
937 1815 1244 1869 suffragium
1276 1814 1428 1866 ferre,

33 1891 68 1916 30
86 1873 253 1914 filium
297 1873 590 1926 adoptivum
635 1876 733 1914 tam
778 1874 1068 1926 procedere,
1113 1887 1256 1925 quam
1299 1873 1339 1912 si
1378 1886 1427 1912 se

183 2026 202 2056 5
230 2021 301 2056 Cic.
322 2032 388 2066 pro
409 2021 516 2055 domo
539 2021 655 2055 XXIX
677 2026 717 2055 77
880 2025 922 2055 13
937 2033 1014 2065 sqq.
1042 2021 1123 2065 Dig.
1146 2021 1263 2054 XXIII
1284 2025 1315 2062 -2,
1337 2025 1379 2054 32

91 2072 132 2102 18
147 2081 225 2113 sqq.
251 2068 339 2102 Inst.
361 2068 377 2101 I
398 2071 452 2109 11,
475 2072 517 2101 12

184 2199 202 2229 1
240 2195 349 2229 huius
381 2200 410 2228 R
448 2195 536 2237 Quis
568 2199 596 2228 V
628 2198 639 2240 ΙΙ
670 2200 689 2229 3
728 2200 760 2230 et
791 2200 810 2229 5
848 2196 912 2229 fiet
942 2199 971 2228 V
1009 2195 1057 2229 sit
1085 2199 1110 2228 P
1140 2198 1151 2240 ΙΙ
1184 2199 1203 2229 3
1237 2195 1343 2239 quasi
1368 2195 1428 2240 ΒΗ

89 2245 109 2275 9
136 2242 212 2276 adr.
233 2241 507 2289 (adoptative)
529 2243 637 2277 Mms.
658 2244 669 2285 ΙΙ
691 2245 732 2276 10
758 2241 961 2276 tucioribus
982 2256 1008 2276 ω
1029 2253 1118 2277 corr.
1139 2241 1182 2274 Ρ2
1201 2243 1212 2285 ss
1234 2246 1276 2276 13
1303 2241 1428 2276 condi-

89 2289 186 2322 cioni
211 2288 335 2334 (-tioni
353 2291 391 2334 P)
412 2303 439 2323 ω
459 2291 470 2333 Π
491 2293 533 2323 19
561 2299 582 2323 a
607 2289 672 2324 del.
693 2288 750 2324 Sk.
