1617 2484
61 727 93 752 10

60 1021 92 1045 15

58 1314 92 1338 20

59 1608 91 1633 25

57 1901 92 1926 30

735 68 766 101 Π
794 71 834 101 12
1374 68 1453 109 107

116 176 315 229 scriptam
360 176 411 215 ad
456 176 563 216 hanc
608 177 857 217 sententiam
899 176 1014 221 (πολ.
1044 175 1190 229 Ἁθηυ.
1223 190 1251 216 (’.
1286 178 1348 229 «Ὡς
1394 176 1452 217 ‘Si

117 235 170 275 ob
209 235 458 275 discordiam
497 235 884 288 dissensionemque
916 236 1065 276 seditio
1098 238 1224 288 atque
1257 236 1455 276 discessio

116 294 263 347 populi
301 294 344 333 in
383 294 484 334 duas
520 297 658 347 partes
692 296 764 334 fiet
795 297 836 335 et
869 295 922 335 ob
955 310 1046 335 eam
1080 309 1248 335 causam
1282 295 1455 335 irritatis

115 353 266 393 animis
304 353 515 405 utrimque
554 368 668 393 arma
707 354 925 406 capientur
963 354 1323 407 pugnabitur-que,
1364 356 1454 394 tum

116 411 188 464 qui
220 411 264 451 in
295 426 343 451 eo
376 414 564 465 tempore
597 413 640 452 in
667 427 800 464 eoque
827 427 924 453 casu
952 413 1086 453 civilis
1113 413 1344 453 discordiae
1370 428 1456 452 non

114 471 338 511 alterutrae
364 472 474 524 parti
501 485 589 511 sese
615 472 864 522 adiunxerit,
890 471 959 511 sed
988 472 1201 512 solitarius
1222 474 1456 525 separatus-

115 544 195 582 que
222 544 244 569 a
271 530 484 569 communi
511 530 621 570 malo
643 531 825 570 civitatis
846 531 1073 583 secesserit,
1100 531 1134 570 is
1155 531 1293 583 domo,
1319 532 1455 584 patria

113 588 378 641 fortunisque
412 589 606 629 omnibus
640 592 796 641 caroto,
829 591 925 630 exul
957 590 1219 642 extorrisque
1252 589 1369 630 esto?

203 646 307 687 Cum
340 647 447 687 hanc
478 648 615 702 legem
643 647 845 689 Solonis
879 649 1079 703 singulari
1109 649 1315 702 sapientia
1340 663 1455 702 prae-

114 705 190 746 diti
220 707 481 760 legissemus,
513 707 649 747 tenuit
674 722 750 747 nos
778 708 917 762 gravis
945 708 1148 760 quaedam
1176 709 1219 747 in
1246 708 1454 761 principio

113 764 334 805 admiratio
384 766 618 818 requirens,
669 781 795 818 quam
847 767 900 807 ob
951 780 1119 807 causam
1171 767 1320 820 dignos
1365 781 1456 807 esse

113 838 248 877 poena
280 824 593 875 existimaverit,
626 826 699 877 qui
732 840 774 865 se
806 826 955 879 procul
987 840 1010 865 a
1042 826 1247 866 seditione
1274 829 1315 866 et
1342 826 1455 866 civili

112 897 255 937 pugna
284 884 571 924 removissent.
628 883 748 936 Tum,
775 886 847 937 qui
874 885 1042 937 penitus
1068 887 1195 938 atque
1221 886 1305 925 alte
1330 900 1453 925 usum

113 955 161 981 ac
193 943 443 982 sententiam
476 943 581 997 legis
614 943 969 997 introspexerant,
1007 958 1093 984 11011
1125 944 1175 984 ad
1208 944 1455 998 augendam,

113 1000 185 1040 sed
211 1001 262 1040 ad
289 1001 557 1041 desinendam
582 1002 829 1042 seditionem
850 1003 987 1057 legem
1008 1002 1117 1042 hanc
1138 1017 1227 1043 esse
1248 1003 1454 1043 dicebant.

112 1058 168 1099 Et
205 1074 270 1099 res
308 1074 501 1113 prorsum
541 1075 584 1101 se
621 1061 681 1101 sic
718 1060 886 1102 habent.
948 1061 1058 1102 Nam
1098 1062 1133 1102 si
1166 1062 1266 1102 boni
1299 1076 1455 1115 omnes,

112 1118 186 1171 qui
223 1119 267 1158 in
304 1119 512 1172 principio
552 1120 804 1161 coercendae
842 1120 1037 1161 seditioni
1075 1121 1254 1174 impares
1287 1121 1455 1171 fuerint,

111 1178 317 1230 populum
362 1179 569 1231 percitum
614 1181 655 1219 et
698 1182 907 1219 amentem
951 1194 1038 1219 11011
1078 1180 1354 1232 deseruerint,
1403 1181 1456 1220 ad

111 1236 357 1276 alterutram
390 1240 551 1289 partem
582 1238 711 1277 dividi
737 1253 826 1279 sese
852 1238 1130 1290 adiunxerint,
1162 1241 1252 1279 tum
1280 1239 1455 1291 eveniet,

111 1297 159 1335 ut
198 1308 292 1335 cum
332 1296 435 1335 socii
472 1296 603 1349 partis
637 1311 825 1337 seorsum
858 1297 1077 1350 utriusque
1109 1298 1267 1338 fuerint
1299 1312 1455 1350 eaeque

111 1356 251 1407 partes
290 1354 341 1394 ab
374 1355 458 1407 his,
495 1358 542 1395 ut
574 1356 743 1396 maioris
777 1357 1039 1396 auctoritatis
1072 1357 1191 1409 viris,
1229 1357 1455 1410 temperari

111 1426 159 1452 ac
184 1413 274 1467 regi
301 1414 527 1466 coeperint,
555 1415 777 1455 concordia
803 1429 879 1468 per
904 1430 974 1455 eos
998 1416 1267 1469 potissimum
1282 1417 1455 1456 restitui

112 1472 411 1525 conciliarique
443 1473 589 1526 possit,
622 1474 721 1514 dum
754 1476 795 1514 et
827 1488 936 1527 suos,
969 1475 1081 1527 apud
1113 1489 1219 1527 quos
1253 1477 1362 1527 sunt,
1393 1490 1455 1515 re-

112 1533 218 1584 gunt
267 1533 393 1583 atque
443 1532 667 1572 mitificant
716 1535 757 1573 et
801 1533 1060 1574 adversarios
1105 1536 1273 1574 sanatos
1318 1535 1454 1588 magis

113 1589 289 1643 cupiunt
320 1604 446 1642 quam
478 1591 675 1644 perditos.

198 1647 293 1688 Hoc
342 1649 452 1689 iden]
496 1648 775 1690 Favorinus
825 1651 1107 1704 philosophus
1152 1652 1261 1691 inter
1303 1652 1453 1692 fratres

112 1720 281 1759 quoque
317 1710 390 1747 aut
427 1709 584 1748 amicos
623 1709 863 1749 dissidentis
897 1713 1090 1763 oportere
1121 1710 1213 1750 fieri
1245 1710 1453 1762 censebat,

111 1768 159 1805 ut
196 1766 269 1819 qui
306 1766 350 1805 in
384 1767 521 1807 medio
556 1770 654 1808 sunt
684 1769 904 1821 utriusque
936 1769 1068 1822 partis
1101 1768 1305 1821 benivoli,
1343 1769 1377 1809 si
1410 1770 1454 1809 in

112 1825 335 1865 concordia
373 1825 597 1866 adnitenda
634 1841 783 1879 parum
816 1828 1079 1867 auctoritatis
1113 1828 1232 1881 quasi
1264 1828 1455 1882 ambigui

111 1883 236 1923 amici
272 1883 514 1937 habuerint,
553 1887 643 1925 tum
682 1886 803 1925 alteri
840 1886 884 1926 in
922 1887 1096 1926 alteram
1129 1889 1291 1939 partem
1325 1887 1454 1927 disce-

206 2027 225 2056 3
252 2023 329 2068 fiet]
352 2034 372 2060 ς
392 2023 494 2057 fieret
515 2036 540 2056 ω
565 2025 568 2067 Ι
592 2024 696 2057 iratis
714 2024 761 2057 R¹
780 2026 790 2068 Η
811 2027 829 2057 6
852 2024 1030 2059 alterutra
1050 2027 1156 2069 parte
1172 2039 1198 2059 ω
1219 2036 1306 2060 corr.
1326 2026 1454 2060 Carrio

112 2069 160 2102 ad
181 2070 398 2104 alterutram
417 2072 562 2114 partem
584 2071 645 2105 Gr.
668 2073 678 2115 11
700 2075 716 2104 7
744 2071 842 2105 malo
864 2072 928 2105 del.
952 2073 1055 2118 May.
1077 2074 1087 2116 ΙΙ
1108 2076 1126 2105 9
1155 2073 1354 2116 singularis
1374 2073 1454 2106 P¹V

112 2128 177 2151 om.
199 2120 228 2150 R
246 2118 257 2161 11
279 2120 321 2150 10
354 2117 553 2163 quaedam]
574 2121 602 2150 R
635 2129 705 2162 que
733 2119 867 2152 a-dam
885 2122 914 2152 V
942 2130 1012 2163 que
1039 2120 1238 2154 admodum
1264 2120 1454 2163 (dmodum

111 2164 152 2197 in
176 2165 262 2208 ras.)
282 2167 307 2197 P
327 2166 337 2205 ΙΙ
359 2168 400 2197 11
432 2165 660 2208 requirentes
682 2176 701 2198 σ
719 2166 730 2208 ΙΙ
752 2170 793 2199 14
826 2166 1094 2210 introspexerat
1121 2188 1163 2192 —
1191 2167 1340 2201 dicebat
1359 2171 1424 2200 RV
1442 2167 1454 2213 Η

114 2213 156 2243 18
189 2211 377 2245 deruerint
402 2225 428 2245 ω
455 2223 543 2246 corr.
566 2223 586 2249 ς
610 2213 613 2255 Ι
637 2211 759 2259 <5οᾶ>
787 2212 834 2246 ad
857 2214 919 2248 Gr.
941 2215 951 2257 [Ι
973 2217 1014 2247 19
1043 2214 1187 2248 dividui
1209 2215 1271 2249 Gr.
1299 2214 1413 2248 diuisi
1433 2226 1454 2251 ς

113 2257 275 2292 dividiae
289 2258 510 2304 Landyrafgi
525 2262 568 2292 20
589 2260 697 2293 sociis
713 2273 739 2292 ω
758 2274 759 2305 j
779 2270 895 2304 aeque
909 2264 934 2294 P
947 2272 1012 2295 om.
1028 2262 1081 2307 311
1095 2265 1138 2295 ‘29
1158 2262 1391 2295 admittenda
1404 2265 1430 2294 P
1443 2261 1455 2307 Η

114 2307 157 2338 30
184 2305 278 2339 alter
302 2305 341 2338 in
362 2319 388 2338 ω
414 2317 502 2340 corr.
527 2306 654 2341 Carrio

1472 660 1490 687 [G

1470 1073 1491 1102 4
