1602 2484
632 60 898 95 PRAEFATIO
1284 60 1429 94 XXXIX

94 174 312 215 ment-ariis,
351 174 418 221 qui
456 174 590 211 statim
629 168 900 224 laudanturl);
938 172 1155 210 doctrinam
1194 173 1315 221 igitur
1347 173 1431 209 abs—

92 233 226 270 tulissv
266 233 420 270 videtur
457 231 604 269 Gellius
644 233 831 281 magistro
870 244 956 278 suo,
1001 231 1162 268 donavit
1200 232 1313 269 alteri
1354 245 1431 267 ina-

91 292 232 341 gistro⁷
271 291 336 329 sed
375 290 544 328 eiusdem
583 292 783 338 sectatori3
821 291 875 329 sic
912 291 958 328 de
996 291 1130 328 eadem
1170 291 1298 327 fidelia
1336 290 1430 327 duos

92 351 259 399 parietes
286 350 495 387 dealbavit.
547 348 653 393 Quae
680 353 863 387 secuntur
883 344 927 401 (ξ
949 352 972 385 8
989 345 1103 401 sqq),
1131 352 1232 386 certe
1259 362 1302 386 ex
1324 351 1430 386 fonte

91 408 255 456 Grae003
293 409 398 458 apud
436 411 633 446 auctorem
670 409 887 446 Romanum
926 409 1153 453 invenisset,
1194 411 1305 457 puto,
1345 409 1430 446 illos

91 468 274 517 patricios
321 465 538 516 ‘quosdam’
585 481 708 516 neque
754 468 901 505 Marcos
942 467 1106 505 Manlios
1150 470 1189 505 et
1227 467 1430 513 Antonios·⁷

91 527 228 564 Lucios
262 526 462 573 Claudios,
500 530 539 564 et
570 528 638 575 qui
670 527 737 563 alii
771 529 873 573 sunt,
906 526 1061 564 silentio
1095 528 1263 564 texisset.
1327 526 1430 563 Num

91 586 156 623 ille
194 586 313 623 fuerit
351 581 613 637 Musonius‘“')‚
658 598 888 634 suspensum
927 586 1114 633 relinquo.
1184 586 1244 622 Ibi
1282 584 1430 622 Gellius

90 644 303 682 offenderat
341 645 598 682 Harmodium
637 647 675 682 et
707 645 1035 695 Aristogitonem,
1074 645 1142 692 qui
1174 645 1430 681 Athenienses

90 716 228 741 nomen
266 716 548 752 personamque
584 704 709 742 Attici
747 705 781 741 ei
820 703 1096 753 suggerebant,
1136 704 1266 751 sicque
1305 706 1430 740 totam

90 762 334 800 historiolam
379 776 423 800 ex
467 764 603 809 mutis,
648 763 751 810 quod
796 763 922 809 aiunt,
967 763 1166 811 magistris
1210 762 1259 799 ad
1297 764 1430 799 vivum

88 817 335 874 transtulit3)
367 843 413 846 —
441 823 463 859 3
500 822 688 870 epistulas
723 822 845 870 patris
878 834 921 858 ex
954 821 1088 858 eodem
1121 821 1219 858 libro
1252 821 1430 870 desump-

87 883 148 918 tas
181 893 279 927 esse,
318 894 394 929 quo
427 881 497 917 XX
525 882 547 917 5
581 880 671 927 filii,
709 882 742 918 si
775 882 862 929 quis
894 881 1127 929 suspicetur,
1167 881 1430 918 coniecturam

88 940 120 977 is
171 940 344 988 proferat
393 941 611 989 captiosam
655 940 836 986 fortasse,
886 939 951 977 sed
997 939 1108 976 valde
1153 939 1341 976 lubricam
1391 961 1425 963 a

90 999 113 1034 4
153 1012 197 1035 ex
236 998 363 1036 Plinio
396 999 419 1035 l.
453 999 476 1035 l.
513 993 603 1049 (Me.
639 1000 721 1036 642
757 998 823 1035 ΚΓ.
858 1000 907 1036 13
942 999 1011 1035 Ru.
1041 1000 1083 1045 43
1112 993 1228 1049 42)⁴)
1256 1020 1301 1023 —
1329 1000 1350 1034 ι’)
1386 1012 1429 1035 ex

89 1057 209 1094 Tauri
240 1055 325 1107 περὶ
359 1056 546 1106 σωμάτων
578 1056 641 1094 καὶ
668 1055 881 1106 ἀσωμάτων
908 1058 997 1108 (Ru.
1027 1053 1100 1107 53)
1127 1079 1173 1082 ψ
1200 1059 1222 1093 6
1251 1058 1429 1105 frequen-

87 1117 214 1153 tativa
252 1116 480 1164 plerumque
518 1129 537 1153 a
579 1118 728 1165 supinis
764 1117 826 1154 vel
858 1117 1078 1165 participiis
1112 1117 1333 1165 praeteritis
1366 1117 1429 1153 de-

91 1174 181 1212 duci
213 1175 434 1213 Priscianus
467 1176 525 1213 bis
558 1176 669 1213 docet
701 1177 740 1212 in
772 1176 872 1213 libro
899 1176 933 1212 X
966 1170 1020 1226 (p.
1050 1177 1145 1221 501,
1173 1176 1216 1222 43
1250 1176 1345 1218 546,
1373 1180 1430 1225 ὅ),

87 1246 203 1281 quem
240 1235 446 1283 praecipue
486 1248 530 1271 ex
562 1234 687 1272 Probo
728 1235 787 1271 vel
821 1234 947 1283 Capro
985 1235 1168 1271 haustum
1208 1247 1286 1271 esse
1326 1247 1429 1270 men·

87 1293 193 1330 tione
230 1293 369 1330 horum
406 1295 466 1330 tot
503 1294 597 1330 locis
636 1294 742 1331 facta
779 1293 1084 1338 demonstratur,
1126 1294 1192 1330 cfr.
1228 1294 1323 1339 499,
1361 1296 1429 1337 18,

89 1352 184 1398 503,
215 1353 283 1398 173
318 1353 413 1398 513,
443 1354 483 1399 7,
518 1354 613 1398 529,
639 1354 681 1399 63
709 1354 804 1398 534,
827 1353 898 1400 263
926 1354 1022 1398 533,
1046 1355 1116 1397 213
1145 1353 1240 1398 539,
1264 1354 1305 1399 23
1334 1353 1429 1393 541,

91 1411 160 1458 193
198 1411 421 1449 lucubrasse
459 1413 582 1461 igitur
614 1410 762 1449 Gellius
802 1411 957 1448 videtur
989 1411 1038 1448 ad
1070 1411 1187 1448 Probi
1219 1411 1429 1452 lucernam,

87 1482 201 1516 quem
234 1468 427 1517 Charisio‚
466 1470 533 1508 ubi
565 1469 610 1507 de
642 1470 869 1508 inchoativa
901 1474 939 1507 et
970 1471 1156 1507 iterativa
1188 1469 1313 1507 forma
1346 1483 1428 1506 ver-

182 1597 215 1639 1)
241 1594 312 1629 Cfr,
333 1595 455 1629 Maass
483 1595 607 1640 Bioyr.
631 1595 694 1629 G-r.
716 1600 757 1628 81
775 1607 852 1639 sqq.

181 1644 215 1686 2)
241 1641 400 1676 Musonii
439 1641 642 1686 discipulus
680 1641 889 1686 Epictetus,
934 1641 1095 1685 Epicteti
1134 1641 1334 1675 Favorinus
1373 1644 1428 1675 est

87 1688 235 1722 auditor
254 1688 367 1733 (XVII
389 1692 442 1731 19,
464 1690 497 1731 5)
520 1690 556 1723 et
577 1689 806 1723 adversarius
826 1688 978 1733 (Marres
998 1701 1033 1733 p.
1056 1690 1130 1731 90)‚·
1158 1700 1202 1723 en
1223 1688 1297 1722 alia
1318 1688 1427 1729 linea,

86 1746 160 1779 qua
184 1735 372 1770 Musonius
399 1738 436 1770 et
462 1735 602 1770 Gellius
630 1736 836 1770 cohaerent.

182 1785 215 1827 3)
242 1783 411 1817 Fortasse
439 1783 551 1817 simili
577 1783 686 1817 modo
707 1782 819 1817 Tauri
845 1783 889 1817 de
912 1782 1143 1827 philosophis
1165 1783 1245 1816 aevi
1266 1783 1321 1816 sui
1342 1794 1429 1826 que-

87 1829 164 1863 rela
189 1830 255 1864 VII
277 1834 330 1870 10,
352 1835 372 1864 5
404 1832 493 1864 nata
525 1831 581 1864 est
612 1841 656 1864 ex
683 1830 880 1864 Simonidis
906 1829 963 1864 vel
988 1829 1123 1863 Eubuli
1149 1830 1238 1863 trito
1265 1830 1364 1863 dicto
1392 1841 1428 1863 se

87 1876 198 1911 malle
224 1877 376 1911 divitem
402 1888 480 1911 esse
507 1888 618 1921 quam
645 1877 867 1921 sapientem:
894 1878 979 1916 τοὺς
1005 1878 1145 1920 σοφοὺς
1165 1876 1233 1922 γὰρ
1255 1876 1348 1919 ὁρᾶν
1370 1877 1425 1911 ἐπὶ

87 1929 168 1963 ταῖς
198 1929 269 1958 τῶν
298 1923 482 1959 πλουσίων
507 1924 646 1967 θύραις
672 1922 929 1969 διατρίβοντας
954 1924 1119 1968 (Aristot.
1146 1925 1238 1958 rhet.
1265 1924 1298 1958 H
1326 1928 1367 1957 16
1394 1936 1427 1968 p.

88 1974 188 2013 1391,
209 1975 241 2014 8,
262 1971 325 2005 cfr.
347 1971 447 2006 Stob.
469 1971 502 2006 fl.
524 1971 704 2005 LXXXXI
724 1975 766 2005 31
788 1971 851 2015 (ΙΠ
870 1983 904 2015 p.
928 1975 993 2005 176
1009 1971 1071 2015 Μ.)
1092 1971 1252 2015 gnomol.
1267 1971 1386 2005 Vatic.
1409 1976 1428 2003 6

87 2017 249 2060 Sternb.,
281 2018 433 2064 florileg.
468 2018 637 2053 Schenkl.
669 2019 708 2052 in
740 2019 835 2053 stud.
856 2018 1064 2053 Vindobon.
1092 2018 1141 2052 XI
1166 2031 1199 2063 p.
1229 2022 1270 2052 19
1297 2030 1331 2053 n.
1359 2022 1427 2059 50).

86 2064 206 2099 Tauro
228 2065 468 2110 philosophos
488 2065 654 2110 aliosque
674 2065 895 2110 obiurgandi
914 2067 1038 2110 partes
1059 2066 1295 2110 assignantur
1315 2065 1428 2100 etiam

85 2111 102 2146 I
122 2115 153 2154 9,
174 2116 194 2146 8
220 2112 287 2146 VII
309 2116 362 2156 13,
385 2117 402 2146 7
429 2112 461 2147 X
484 2117 524 2147 19
552 2113 652 2147 XVII
672 2116 726 2155 20,
748 2117 769 2147 4
789 2112 906 2146 XVIII
926 2116 981 2154 10,
996 2117 1015 2146 5
1036 2113 1102 2146 XX
1121 2117 1159 2153 4;
1185 2114 1310 2146 utrum
1329 2115 1427 2146 recte

87 2169 133 2192 an
158 2170 204 2193 ne
235 2160 338 2194 vivae
364 2162 406 2194 ut
431 2160 567 2195 dicitur
592 2161 690 2194 vocis
716 2159 872 2204 penuria
898 2160 957 2202 sit,
986 2160 1184 2194 diiudicari
1210 2160 1268 2193 vix
1294 2162 1427 2204 potest.

86 2205 251 2285 guclidis
301 2208 463 2241 ceterum
510 2207 703 2241 historiola
747 2208 865 2252 magis
910 2207 1008 2251 sapit
1052 2207 1272 2241 Favorinum
1317 2218 1428 2251 quam

118 2263 259 2288 aurum.

180 2304 214 2334 4³
240 2301 293 2334 Ex
320 2302 503 2335 communi
530 2302 630 2335 fonte
658 2302 748 2335 mire
774 2301 840 2335 Ne.
863 2306 941 2335 ³256.
