1602 2484
622 67 710 101 PRA
718 68 744 101 E
750 66 889 101 FATIO
1335 68 1356 100 ¹,
1364 67 1425 100 VII

89 175 354 227 Aristonico&
382 184 420 216 et
447 180 593 217 Catone
620 202 673 204 mr
704 182 725 215 (ἱ
756 181 919 216 fortasse
947 192 988 215 ex
1018 179 1144 216 Probo
1172 179 1259 229 (Ne.
1283 176 1428 231 27412)

89 260 127 263 ψ·
185 240 204 274 7
246 251 292 275 an
332 252 373 275 ex
415 238 634 275 Favorino?
672 240 738 275 cfr.
773 238 953 287 Rudolph
991 239 1091 275 stud.
1126 238 1228 287 Lips.
1265 238 1334 274 VI]
1375 240 1424 274 77

95 319 142 323 w*
191 301 243 334 lo
287 310 329 334 ex
376 297 547 334 Masurio
590 297 734 334 Sabino
775 298 932 334 Bremer
970 297 1190 343 Iurisprnd.
1231 297 1429 334 cttaetclmdr.

88 356 123 392 ll
166 358 261 402 549,
302 359 403 393 recte
442 358 580 405 opinor
620 378 673 381 --υ
717 360 759 392 11
807 370 848 393 ex
891 356 1055 393 Lavinio
1095 358 1117 393 l.
1157 357 1180 392 l.
1221 356 1304 400 (ΚΥ.
1349 358 1429 393 loo

87 416 155 452 Ne.
185 417 299 467 276).

175 474 258 511 lain
291 487 358 511 nos
392 487 545 522 quoque
572 474 698 511 Gellio
725 474 944 511 haerentem
975 476 1092 523 capiti
1123 487 1304 512 coronam
1332 487 1427 523 pau—

87 534 209 570 lulum
248 534 496 570 detraximus.
559 532 669 576 Quod
708 534 739 570 si
778 534 880 570 inter
916 536 1033 571 testes
1065 535 1209 570 totiens
1242 534 1429 570 Favorini

86 605 224 630 nomen
258 592 426 638 exsiluit,
459 592 674 641 periculum
707 595 775 639 est,
808 606 854 628 ne
887 596 930 629 ut
957 592 1124 630 Maassio
1152 592 1428 635 Wilamowjtz,

86 651 308 700 Rudolphio
335 651 447 700 Bapp
475 654 513 688 et
540 651 646 687 (ss'ohn
675 650 921 697 obstiterunt,
954 652 1049 688 1111111
1077 664 1153 688 11011
1180 651 1318 698 desint,
1349 653 1429 699 qui,

86 722 184 758 quae
217 723 276 746 me
309 711 451 747 sevisse
485 711 640 759 putavi,
678 722 796 747 manu
829 711 972 747 infesta
1005 711 1225 759 decerpant.
1287 710 1426 747 Melius

86 772 215 806 tamen
254 782 313 806 res
352 769 448 805 mihi
486 770 527 805 in
559 767 686 806 Gellio
719 782 757 806 se
789 769 907 806 habet
940 782 1056 817 quam
1089 770 1179 807 illis.
1243 770 1428 806 Favorini

84 829 264 877 magistri
295 828 542 865 dilectissimi
574 831 612 865 et
644 840 793 865 summo
826 829 969 865 honore
999 828 1136 875 habiti,
1170 830 1324 865 etiamsi
1351 842 1424 865 non

85 888 161 924 nisi
186 888 448 924 sermocinans
472 887 683 933 inducitur,
709 888 856 935 scripta
877 900 962 924 011111
986 890 1075 924 ante
1096 888 1226 924 oculos
1248 887 1428 925 habuisse

83 946 170 994 plus
197 959 273 983 uno
301 947 475 994 exemplo
502 946 603 983 clare
631 940 908 997 ostenditur3l3
942 946 1008 983 sed
1035 948 1164 993 etiam,
1196 946 1262 982 ubi
1288 959 1427 983 nomen

83 1005 165 1042 eius
191 1018 269 1042 non
295 1006 474 1044 occurrit.
507 1018 595 1042 eum
622 1007 819 1042 auctorem
846 1007 967 1042 fuisse
995 1007 1187 1042 evincitur
1214 1017 1299 1042 cum
1327 1006 1427 1053 aliis,

84 1066 167 1100 tum
206 1063 298 1099 XVI
334 1065 396 1100 15.
460 1063 543 1107 Quo
582 1065 666 1101 loco
706 1076 792 1101 011111
831 1064 951 1110 idem,
991 1064 1093 1112 quod
1134 1065 1350 1101 Favorinus
1389 1068 1427 1101 et

84 1121 244 1169 Gellius,
277 1123 465 1160 Aelianus
493 1125 531 1160 et
556 1122 781 1160 Athenaeus
808 1123 1032 1171 praebeant,
1059 1124 1177 1160 etiam
1204 1124 1292 1160 aliis
1320 1124 1427 1171 locis,

85 1180 150 1218 ubi
182 1182 223 1218 hi
254 1193 341 1219 cum
368 1180 494 1218 Gellio
528 1183 766 1230 conspirant,
798 1182 1070 1219 Arelatensem
1106 1184 1254 1219 fontem
1282 1184 1426 1219 statue-

82 1252 167 1277 mus
194 1241 373 1288 quamvis
395 1253 416 1277 a
438 1240 637 1289 Rudolphi
656 1244 758 1278 tota
779 1243 1118 1290 argumentatione
1139 1242 1268 1278 alieni.
1319 1241 1426 1278 Idem

82 1312 154 1336 usu
192 1300 300 1336 venit
337 1301 377 1336 in
413 1299 587 1349 Diogene
620 1299 661 1336 L.
725 1298 847 1343 Quem
886 1301 919 1337 si
956 1300 1108 1345 eadem,
1147 1312 1246 1348 quae
1279 1299 1426 1337 Gellius

81 1357 141 1394 III
170 1359 235 1406 17,
261 1358 583 1407 deprehendimus
610 1361 833 1395 narrantem
861 1358 915 1394 IV
947 1362 981 1407 1,
1011 1361 1054 1395 1]
1091 1354 1168 1411 (5),
1195 1358 1262 1395 ubi
1288 1372 1326 1396 se
1353 1359 1426 1395 Fa-

82 1418 262 1454 vorinum
301 1418 410 1465 sequi
442 1418 525 1466 ipse
558 1417 781 1464 confitetur,
817 1417 917 1454 hunc
951 1419 1098 1455 fontem
1131 1418 1332 1455 nominare
1365 1430 1426 1455 co-

82 1477 222 1525 gimur,
246 1477 432 1525 cogimur,
453 1489 540 1513 cum
561 1479 747 1524 sequatur
767 1489 862 1514 vara-
882 1476 1041 1523 vibiam,
1061 1477 1255 1525 reliquam·
1274 1480 1425 1526 partem

84 1535 224 1583 capitis
265 1535 389 1572 eidem
428 1536 643 1585 assignare,
688 1548 775 1573 011111
814 1536 948 1572 eadem
987 1536 1090 1584 apud
1129 1536 1327 1573 Laertium
1367 1537 1424 1572 in-

83 1595 302 1640 veniamus,
347 1595 501 1631 etiamsi
544 1607 684 1631 nomen
728 1596 922 1632 reticetur.
993 1594 1103 1638 Quod
1141 1607 1231 1632 vero
1269 1596 1310 1631 in
1348 1607 1425 1631 uno

83 1653 258 1701 exemplo
285 1654 364 1690 iam
391 1653 636 1701 exploratum
662 1656 732 1701 est,
764 1654 805 1690 in
832 1653 1024 1691 similibus
1051 1666 1172 1701 aeque
1199 1653 1316 1690 valet.
1374 1653 1425 1690 Et

83 1724 169 1748 cum
199 1710 335 1749 Graeci
367 1725 444 1749 non
477 1711 747 1749 dubitaverint
773 1711 911 1750 Graeci
943 1713 1085 1749 scrinia
1118 1712 1346 1760 despoliare,
1381 1725 1424 1749 co

82 1771 210 1808 minus
243 1770 403 1817 Gellius,
436 1771 504 1818 qui
536 1771 607 1806 XV
635 1772 687 1807 26
722 1771 976 1809 Aristotelem
1010 1773 1048 1808 et
1074 1770 1185 1807 XVII
1209 1772 1262 1808 ΞΟ
1292 1770 1423 1808 Plato-

81 1841 169 1865 nem
219 1829 368 1866 nullam
412 1830 532 1867 aliam
576 1829 623 1866 ob
669 1842 826 1868 causam
867 1829 1103 1878 arcessebat,
1154 1842 1272 1878 quam
1315 1831 1423 1867 cuius

80 1887 198 1924 verba
236 1900 353 1936 quam
391 1889 556 1925 maxime
595 1889 797 1926 modulata
834 1888 1028 1936 redderet,
1069 1901 1129 1926 res
1168 1901 1190 1926 a
1226 1888 1422 1926 Favorino

80 1947 262 1984 collectas
300 1946 555 1995 popularibus
587 1948 796 1985 vernaculo
829 1960 1005 1985 sermone
1037 1947 1174 1985 offerre
1206 1946 1423 1994 dubitabat,

81 2005 184 2053 quod
221 2006 303 2054 ipse
342 2005 484 2044 diserte
522 2006 672 2043 indicat
703 2006 778 2043 XII
808 2010 843 2053 1,
872 2007 936 2043 24.
998 2006 1138 2055 Itaque
1177 2019 1253 2044 non
1292 2007 1423 2053 timeo,

175 2166 207 2209 1)
232 2164 286 2198 Ex
311 2165 490 2199 Favorino
516 2164 666 2207 VRose3
700 2167 797 2199 certe
828 2176 960 2199 nomen
986 2165 1198 2209 philosophi
1226 2165 1302 2199 sine
1329 2164 1423 2198 libro

78 2211 175 2245 nude
200 2211 362 2255 positum
388 2211 661 2246 dubitationem
688 2211 806 2253 inicit,
833 2212 896 2246 cfr.
918 2212 984 2246 Ru.
1006 2215 1094 2258 zizi}

173 2261 207 2301 2)
234 2257 304 2292 cfr.
324 2259 391 2293 Ru.
416 2262 456 2292 17
484 2259 583 2292 Beck
604 2262 648 2292 29
670 2258 752 2301 (Me.
776 2262 866 2303 663).

174 2308 207 2349 3)
234 2304 304 2339 Cfr.
326 2306 394 2340 Me.
418 2309 483 2340 676
500 2318 581 2349 sqq.v
604 2305 672 2339 Ru.
696 2309 739 2340 53
755 2317 831 2349 sqq.
