1611 2474
159 76 243 117 246
721 76 769 109 vi
795 75 885 119 (vir)
914 80 932 109 3

123 195 142 223 9
158 187 230 225 est.
299 184 379 235 Sed
424 184 612 237 profecto
654 185 748 237 plus
786 198 910 224 ausus
950 186 1028 231 est,
1073 198 1199 236 quam
1237 186 1283 223 ut
1321 183 1490 223 tolerari

101 254 142 283 1⁴)
158 243 403 297 ignoscique
454 243 597 296 possit.
677 242 871 295 Namque
921 243 1190 296 epistulam
1242 242 1491 295 conscripsit

156 302 214 342 ad
259 302 304 351 Q.
343 301 541 351 Axium,
591 302 840 342 familiarem
891 301 1057 354 patroni
1102 301 1183 353 sui,
1233 301 1493 341 confidenter

157 361 281 401 nimis
320 364 361 401 et
396 360 545 412 calide,
583 361 626 400 in
658 374 740 413 qua
772 360 941 400 sibimet
972 360 1085 400 visus
1118 363 1180 400 est
1212 360 1490 400 orationem

157 420 280 460 istam
319 434 405 473 pro
441 418 780 459 Rodiensibus
818 419 903 460 acri
942 419 1169 472 subtilique
1209 419 1362 459 iudicio
1401 433 1490 471 per-

99 489 139 518 11
157 479 375 519 censuisse.
432 477 497 518 Ex
530 493 577 518 ea
603 478 783 531 epistula
809 478 865 530 (p.
886 481 912 518 9
932 478 1000 531 L.)
1026 478 1209 518 lubitum
1234 478 1343 517 forte
1368 477 1491 517 nobis

156 540 218 577 est
270 536 614 590 reprehensiones
665 537 752 577 eius
804 537 1004 589 quasdam
1054 537 1278 590 attingere:
1334 537 1490 577 maiore

156 596 315 637 scilicet
352 596 473 636 venia
511 595 803 649 reprehensuri
835 595 1084 643 Tironem,
1123 609 1217 636 cum
1254 596 1322 635 ille
1355 610 1490 648 repre-

155 654 347 695 henderit
379 653 565 695 Catone
577 669 628 694 m.

100 724 140 754 12>
247 712 443 767 Culpavit
470 716 608 754 autem
634 713 815 766 primum
837 713 929 765 hoc,
956 714 1067 766 quod
1090 713 1209 753 Cato
1239 712 1489 753 inerudite

155 775 202 812 et
241 771 537 824 ἀναγώγως,
575 774 621 812 ut
659 773 747 825 ipse
782 773 858 824 ait,
896 772 1103 825 principio
1136 772 1260 811 nimis
1294 771 1490 812 insolenti

154 831 364 884 nimisque
396 831 481 872 acri
513 834 554 871 et
584 831 870 885 obiurgatorio
898 846 997 871 usus
1024 831 1089 883 sit,
1122 845 1215 870 cum
1242 831 1375 871 vereri
1402 845 1489 871 sese

155 890 356 942 ostendit,
399 905 450 930 ne
492 893 632 943 patres
670 890 823 944 gaudio
861 893 987 943 atque
1025 890 1184 929 laetitia
1221 904 1359 929 rerum
1398 904 1489 942 pro-

155 963 273 1001 spere
318 952 529 1003 gestarum
575 948 624 989 de
669 951 781 989 statu
824 949 976 989 mentis
1021 963 1118 988 suae
1158 949 1367 988 deturbati
1406 963 1490 988 non

156 1008 256 1048 satis
300 1008 566 1060 consiperent
609 1022 744 1060 neque
788 1008 840 1047 ad
878 1010 988 1048 recte
1027 1007 1355 1061 intellegendum
1395 1021 1490 1047 con-

98 1077 139 1107 13
156 1067 461 1119 sulendumque
508 1070 646 1106 essent
689 1066 839 1106 idonei.
914 1065 969 1106 In
1014 1066 1283 1119 principiis
1327 1069 1489 1106 autem

155 1125 293 1178 inquit
334 1126 555 1178 patroni,
599 1125 682 1178 qui
720 1140 808 1178 pro
846 1126 944 1165 reis
983 1126 1173 1173 dicunt,
1218 1125 1490 1165 conciliare

155 1184 253 1224 sibi
304 1187 350 1224 et
395 1185 707 1237 complacare
752 1184 944 1224 iudices
989 1184 1171 1224 debent
1216 1198 1490 1236 sensusque

155 1258 321 1283 eorum
349 1244 733 1296 exspectatione
757 1257 933 1283 causae
955 1257 1223 1296 suspensos
1244 1243 1490 1296 rigentes-

155 1316 247 1354 que
285 1302 589 1342 honorificis
629 1302 1027 1354 verecundisque
1060 1301 1329 1342 sententiis
1363 1316 1489 1342 com-

155 1362 389 1413 mulcere,
416 1375 512 1401 non
538 1361 741 1401 iniuriis
768 1364 917 1413 atque
943 1361 1231 1414 imperiosis
1257 1361 1489 1400 minatio-

97 1430 139 1460 14
154 1420 301 1460 nibus
329 1420 603 1460 confutare.
656 1418 799 1472 Ipsum
827 1419 974 1460 deinde
1001 1420 1254 1473 principium
1281 1419 1490 1472 apposuit,

155 1479 272 1518 cuius
293 1479 419 1519 verba
438 1478 541 1519 haec
563 1481 659 1518 sunt
674 1478 863 1530 (‘V]J.):
886 1477 1014 1519 ‘Scio
1043 1479 1205 1518 solere
1232 1478 1489 1531 plerisque

154 1536 443 1577 hominibus
476 1537 622 1577 rebus
655 1537 888 1578 secundis
921 1540 1069 1589 atque
1100 1537 1315 1590 prolixis
1341 1539 1489 1588 atque

156 1597 412 1649 prosperis
456 1596 673 1636 animum
717 1597 964 1636 excellere
1008 1598 1157 1648 atque
1202 1595 1488 1649 superbiam

154 1658 303 1707 atque
335 1655 574 1695 ferociam
608 1669 876 1709 augescere
909 1657 1058 1708 atque
1091 1669 1326 1695 crescere.
1385 1653 1488 1702 Quo

155 1713 275 1753 mihi
323 1728 451 1754 nunc
495 1728 701 1768 magnae
745 1728 890 1754 curae
935 1716 1026 1765 est,
1076 1713 1206 1766 quod
1249 1713 1370 1753 haec
1415 1727 1489 1753 res

155 1775 252 1812 tam
292 1773 504 1813 secunde
544 1773 810 1825 processit,
848 1787 905 1813 ne
944 1772 1061 1825 quid
1100 1772 1149 1812 in
1181 1771 1489 1812 consulendo

155 1831 358 1871 advorsi
415 1832 631 1883 eveniat,
688 1831 817 1883 quod
872 1834 1071 1872 nostras
1123 1831 1364 1872 secundas
1413 1845 1489 1870 res

251 1986 293 2016 23
320 1982 402 2015 XIII
423 1986 478 2025 25,
501 1986 543 2016 14

250 2126 269 2155 2
303 2122 503 2166 conscripsi
529 2126 557 2155 R
589 2124 599 2166 ΙΙ
631 2127 650 2156 3
684 2122 830 2155 anxium
858 2136 884 2155 ω
915 2124 925 2166 Η
957 2126 977 2155 4
1004 2122 1137 2155 callide
1163 2136 1189 2155 ω
1216 2133 1304 2156 corr.
1335 2121 1461 2155 Carrio
1480 2123 1490 2165 ΙΙ

157 2174 177 2203 5
205 2168 298 2203 sacri
318 2184 344 2203 ω
363 2171 374 2212 ΙΙ
397 2173 413 2202 7
435 2170 543 2202 huius
564 2170 609 2202 R¹
633 2169 636 2213 Ι
659 2169 790 2203 maiori
809 2173 839 2202 R
858 2171 868 2213 ΙΙ
889 2173 908 2203 8
929 2169 1202 2212 reprehensuris
1224 2169 1467 2211 HStephanus
1480 2170 1490 2212 ΙΙ

159 2220 200 2250 10
233 2216 349 2259 primo
375 2217 421 2248 R¹
447 2218 457 2259 Η
486 2220 525 2249 17
560 2216 655 2260 regis
682 2217 727 2249 V¹
754 2216 901 2261 regilms
927 2216 974 2248 R¹
998 2217 1009 2259 ΙΙ
1035 2220 1076 2250 21
1110 2215 1380 2249 municionibus
1405 2217 1490 2259 ΡΒΙΙ

157 2267 201 2296 24
233 2263 271 2296 in
296 2264 404 2297 rebus
428 2263 515 2297 Geli.
539 2264 650 2297 XIII
667 2267 722 2305 25,
744 2267 786 2296 14
809 2266 812 2307 Ι
836 2266 948 2306 atque
974 2264 1034 2297 alt.
1057 2275 1120 2297 om.
1143 2267 1167 2295 P
1192 2264 1203 2306 Η
1230 2266 1273 2295 26
1301 2262 1378 2303 Quo
1407 2274 1433 2296 r.
1455 2263 1489 2296 d.

156 2311 194 2344 in
216 2311 267 2344 ed.
295 2311 398 2344 Torv.
427 2310 525 2353 quod
546 2325 571 2344 ω
592 2313 602 2353 Η
623 2314 666 2343 27
693 2322 801 2353 quom
824 2311 952 2354 Haupt

1511 732 1544 756 10

1512 1025 1542 1050 15

1511 1319 1544 1343 20

1510 1612 1541 1637 25
