1617 2484
695 64 725 99 V
753 69 789 106 33
817 68 835 98 4
1349 63 1434 103 213

97 174 417 228 posituramque
461 173 566 227 ligni
611 173 713 214 scite
754 173 970 226 periteque
1007 173 1161 213 factam
1201 172 1435 212 considerat

98 234 305 287 petitque,
344 235 391 273 ut
428 232 646 286 paululum
686 232 939 286 adquiescat.
1002 230 1123 280 Quod
1156 231 1229 271 ubi
1262 230 1469 271 Prota-:3

99 305 264 346 goras,
308 294 355 332 ut
398 295 488 332 erat
530 288 728 345 petitum,
772 291 873 331 fecit
913 293 1038 344 atque
1077 289 1223 330 itidem
1261 289 1435 330 Demo-

100 351 258 392 critus
291 364 483 391 acervum
518 351 636 390 illum
671 353 712 391 et
743 350 862 403 quasi
895 349 1039 390 orbem
1073 349 1291 390 caudicum
1318 347 1434 388 brevi

63 426 78 451 5
98 410 267 451 vinculo
289 410 636 464 comprehensum
657 409 819 450 ratione
841 408 1021 462 quadam
1044 408 1162 461 quasi
1181 408 1436 462 geometrica

97 468 243 509 librari
276 469 564 522 continerique
597 468 911 520 animadvertit,
948 468 1235 522 interrogavit,
1268 467 1361 520 quis
1394 467 1435 506 id

36 543 37 547 ¹
97 527 262 582 lignum
294 528 354 568 ita
379 527 696 581 composuisset,
730 530 782 579 et,
815 541 909 567 cum
936 526 1008 567 ille
1034 541 1057 567 a
1085 541 1126 566 se
1153 526 1434 580 compositum

98 586 291 640 dixisset,
330 586 598 640 desideravit,
629 587 691 627 uti
725 586 905 627 solveret
937 600 985 626 ac
1018 585 1154 625 denuo
1187 585 1231 626 in
1262 584 1435 626 modum

98 646 275 686 eundem
314 645 549 687 collocaret.
610 644 670 685 At
708 648 933 699 postquam
973 644 1045 685 ille
1083 643 1211 685 solvit
1242 658 1290 684 ac
1323 644 1470 684 simi-(5

46 720 78 745 ιο
98 705 195 746 liter
226 705 476 758 composuit,
507 707 597 745 tum
623 704 948 745 Democritus
977 703 1106 744 animi
1134 704 1265 744 aciem
1293 702 1434 743 soller-

98 764 285 817 tiamque
316 764 500 804 hominis
532 778 616 804 non
645 763 757 804 docti
785 762 1030 804 demiratus:
1065 763 1137 802 ‘mi
1164 761 1434 815 adulescens,’

98 823 237 876 inquit
264 823 375 863 ‘cum
401 823 618 878 ingenium
638 822 745 863 bene
764 821 945 863 faciendi
964 821 1133 875 habeas,
1160 824 1257 861 sunt
1276 821 1437 861 maiora

98 881 374 935 melioraque,
424 896 530 935 quae
578 882 714 922 facere
759 895 924 922 mecum
968 881 1135 934 possis’,
1178 880 1437 933 abduxitque

99 954 194 981 eum
234 941 378 981 statim
417 955 643 994 secumque
680 939 830 981 habuit
861 943 902 980 et
934 942 1150 993 sumptum
1184 939 1438 979 ministravit

46 1014 77 1040 15
99 1002 140 1040 et
171 999 464 1053 philosophias
497 1000 641 1040 docuit
668 1002 710 1040 et
735 1014 825 1040 esse
850 1013 945 1039 eum
972 999 1084 1052 fecit,
1117 1001 1298 1052 quantus
1325 1000 1437 1051 post-

101 1073 148 1100 ea
179 1059 272 1099 fuit.

185 1116 226 1158 Is
269 1120 411 1158 tamen
455 1116 764 1172 Protagoras
809 1117 1041 1158 insincerus
1087 1116 1256 1169 quidem
1301 1115 1472 1170 philo-7

98 1176 275 1230 sophus,
328 1175 399 1217 sed
448 1177 674 1217 acerrimus
725 1176 1011 1230 sophistarum
1062 1176 1160 1229 fuit,
1216 1175 1437 1229 pecuniam

99 1236 257 1289 quippe
295 1236 509 1290 ingentem
549 1249 643 1275 cum
682 1250 706 1275 a
743 1233 961 1289 discipulis
1000 1235 1208 1289 acciperet
1245 1248 1438 1286 annuam,

45 1309 79 1334 20
99 1294 379 1348 pollicebatur
410 1309 453 1335 se
485 1294 527 1334 id
559 1294 725 1348 docere,
761 1308 941 1348 quanam
974 1293 1198 1334 verborum
1232 1292 1439 1333 industria

99 1367 225 1394 causa
268 1353 475 1394 infirmior
518 1353 637 1394 fieret
679 1354 848 1407 fortior,
892 1367 1017 1406 quam
1056 1367 1144 1393 rem
1185 1350 1341 1393 Graece
1381 1352 1439 1392 ita

100 1412 280 1453 dicebat:
313 1413 390 1453 τὸν
421 1412 531 1465 ἥττω
564 1414 698 1466 λόγου
729 1414 907 1465 κρείττω
941 1419 1092 1452 ποιεῖν.

739 1552 801 1594 IV

100 1632 153 1667 De
173 1634 283 1667 verbo
304 1634 564 1676 duovicesimo,
588 1634 686 1678 quod
705 1634 812 1678 volgo
833 1634 1063 1678 incognitum
1084 1635 1149 1675 est,
1172 1643 1193 1666 a
1212 1632 1299 1666 viris
1321 1631 1439 1665 doctis

47 1687 80 1713 25
107 1725 113 1732 .
148 1680 393 1715 multifariam
418 1681 457 1714 in
482 1680 588 1715 libris
615 1681 793 1725 scriptum
819 1683 884 1715 est.

189 1763 316 1818 Apud
361 1764 576 1820 Sigillaria
618 1765 729 1806 forte
772 1765 816 1806 in
858 1765 1031 1805 libraria
1075 1778 1152 1819 ego
1197 1767 1237 1804 et
1274 1762 1473 1804 Iuliusl

99 1822 287 1864 Paulus
318 1826 455 1877 poeta,
485 1824 551 1864 vir
582 1824 786 1865 memoria
816 1826 961 1864 nostra
993 1823 1273 1875 doctissimus,
1304 1822 1439 1863 consi—

102 1881 312 1936 deramus3
362 1885 488 1936 atque
537 1883 597 1923 ibi
642 1883 822 1936 expositi
866 1885 984 1923 erant
1026 1881 1172 1923 Fabii
1215 1880 1440 1934 annales,

101 1940 236 1981 bonae
280 1944 406 1995 atque
449 1941 635 1982 sincerae
678 1942 901 1982 vetustatis
941 1941 1058 1994 libri,
1102 1954 1208 1994 quos
1246 1940 1440 1981 venditor

46 2014 82 2039 30
101 2000 191 2040 sine
240 1999 402 2040 mendis
446 2014 536 2041 esse
581 2000 871 2041 contendebat.
947 1999 1253 2041 Grammaticus
1297 2001 1472 2040 autenm

102 2059 311 2112 quispiam
356 2058 406 2100 de
448 2058 730 2100 nobilioribus
774 2059 825 2100 ab
871 2062 1059 2113 emptore
1101 2059 1152 2099 ad
1190 2058 1438 2112 spectandos

196 2212 215 2242 3
247 2209 302 2243 uti
328 2213 358 2242 R
377 2212 387 2253 ΙΙ
408 2213 427 2242 6
459 2210 777 2254 interrogauitque
802 2214 827 2243 1²
846 2213 857 2253 Η
877 2214 896 2244 9
923 2210 977 2244 Αο
1002 2213 1064 2243 PR
1083 2211 1094 2254 Η
1115 2213 1159 2243 24
1185 2208 1440 2243 duodeuicesi-

100 2267 160 2339 smfflo
188 2268 334 2338 (ἓξ-(ἵζ’.
365 2256 557 2301 Quicherat
587 2257 658 2291 duo
689 2259 726 2291 et
750 2258 927 2291 uicesimo
955 2269 974 2291 σ
997 2260 1001 2302 Ι
1024 2259 1080 2291 est
1111 2261 1178 2291 aut
1201 2257 1266 2291 del.
1294 2260 1358 2290 aut
1384 2256 1442 2289 set
