1611 2474
677 553 728 598 Α.
769 551 977 598 GELLH

162 660 464 715 NOCTIVM
513 660 907 716 ATTIOARVM
950 662 1163 716 LIBER
1207 661 1491 728 QVINTVS
1555 653 1558 655 i

817 889 837 931 Ι

164 969 267 1011 Quod
293 969 481 1003 Musonius
512 969 752 1013 philosophus
781 970 1017 1013 reprehendit
1042 971 1323 1014 inprobavitque
1348 970 1492 1004 laudari

209 1016 470 1060 philosophum
509 1017 748 1050 disserentem
783 1028 804 1050 a
841 1017 1126 1051 vociferantibus
1165 1019 1201 1051 et
1237 1018 1275 1051 111
1307 1017 1490 1052 laudando

209 1063 463 1108 gestientibus.

128 1161 144 1190 1
252 1163 269 1184 *
293 1163 311 1184 ss
334 1166 353 1184 ,κ
381 1146 662 1187 Musonium
696 1147 997 1201 philosophum
1025 1149 1078 1201 (p.
1099 1148 1288 1195 269Pe.)
1319 1148 1489 1189 solitum
1528 1165 1543 1190 5

162 1206 409 1259 accepimus.
461 1204 582 1247 ‘Cum
608 1205 903 1259 philosophus’
930 1207 1068 1259 inquit
1094 1207 1312 1259 ‘hortatur7
1338 1209 1491 1259 monet,

162 1265 324 1318 suadet,
369 1264 565 1319 obiurgat
607 1264 773 1305 aliudve
818 1265 917 1318 quid
962 1265 1277 1319 disciplinarum
1315 1266 1492 1318 disserit,

161 1326 269 1376 tum,
304 1324 376 1376 qui
408 1323 600 1377 audiunt,
633 1324 667 1363 si
700 1324 749 1363 de
781 1337 944 1364 summo
978 1327 1018 1364 et
1049 1325 1187 1365 soluto
1220 1327 1388 1377 pectore
1421 1324 1491 1364 ob-

161 1382 250 1422 vias
288 1382 564 1436 vulgatasque
601 1382 745 1422 laudes
784 1382 997 1435 effutiunt,
1036 1383 1070 1422 si
1106 1383 1322 1423 clamitant
1353 1383 1502 1435 etiams

162 1441 196 1481 si
241 1440 444 1495 gestiunt,
488 1441 523 1480 si
563 1454 714 1480 vocum
752 1441 840 1481 eius
878 1441 1195 1493 festivitatibus,
1239 1442 1273 1481 si
1310 1440 1490 1481 modulis
1511 1458 1544 1482 10

161 1499 403 1552 verborum,
435 1499 469 1539 si
502 1499 752 1551 quibusdam
785 1500 902 1552 quasi
934 1500 1307 1552 frequentamentis
1341 1500 1490 1540 oratio-

160 1557 226 1598 nis
254 1560 487 1610 moventur,
518 1558 786 1611 exagitantur
811 1560 852 1598 et
876 1558 1073 1612 gestiunt,
1104 1561 1193 1598 tum
1220 1558 1325 1598 scias
1352 1561 1393 1598 et
1419 1559 1491 1611 qui

162 1616 263 1656 dicit
288 1619 329 1656 et
355 1615 425 1669 qui
452 1616 628 1656 audiunt
652 1616 807 1656 frustra
833 1631 921 1657 esse
946 1631 1081 1669 neque
1106 1616 1168 1656 illi
1188 1616 1490 1670 philosophum

127 1675 291 1728 2loqui‚
323 1675 393 1715 sed
424 1674 639 1715 tibicinem
672 1689 828 1715 canere.
884 1673 1077 1715 Animus’
1103 1675 1242 1727 inquit
1268 1675 1489 1715 eaudientis

163 1733 476 1787 philosophum,
508 1733 675 1786 (dum),
706 1747 812 1787 quae
847 1733 1052 1786 dicuntur,
1083 1733 1204 1774 utilia
1235 1747 1282 1774 ae
1308 1733 1491 1774 salubria
1511 1750 1543 1775 15

163 1794 260 1832 sunt
291 1794 332 1832 et
361 1806 547 1832 errorum
573 1794 698 1845 atque
724 1792 921 1832 vitiorum
947 1791 1173 1832 medicinas
1199 1792 1349 1846 ferunt,
1380 1792 1490 1832 laxa-

162 1853 351 1891 mentum
382 1853 507 1903 atque
540 1851 672 1891 otium
704 1850 868 1904 prolixe
900 1851 1152 1904 profuseque
1184 1850 1381 1891 laudandi
1405 1864 1489 1890 non

128 1909 299 1950 3habet.
360 1908 557 1962 Quisquis
590 1908 660 1949 ille
692 1911 765 1962 est,
798 1909 869 1961 qui
901 1909 1029 1962 audit,
1059 1909 1140 1949 nisi
1172 1908 1243 1949 ille
1274 1912 1336 1950 est
1367 1908 1490 1962 plane

257 2039 275 2068 5
302 2036 494 2069 Lacunam
515 2036 643 2069 statuit
662 2036 784 2077 Hertz,
804 2035 867 2077 cfr.
890 2036 992 2070 XVI
1008 2039 1041 2076 1,
1060 2039 1079 2069 1
1105 2035 1109 2079 Ι
1132 2035 1279 2069 solitum
1300 2035 1420 2068 dicere
1441 2046 1460 2067 σ
1478 2034 1491 2080 Η

165 2086 206 2115 10
233 2082 263 2115 si
290 2094 323 2125 g.
345 2093 409 2116 om.
433 2082 571 2123 Carrio,
597 2086 662 2115 aut
685 2083 742 2116 hic
766 2087 831 2116 auc
852 2083 892 2115 iu
911 2094 940 2116 v.
962 2084 1009 2116 12
1034 2081 1208 2116 exsiliunt
1230 2083 1291 2116 Gr.
1320 2083 1491 2115 aestuant

161 2129 252 2163 JGr.
274 2130 285 2171 ΙΙ
306 2132 345 2161 11
371 2128 600 2162 fretamentis
622 2142 648 2161 ω
668 2140 755 2164 corr.
779 2140 799 2165 ς
818 2129 1058 2162 irritamentis
1079 2129 1229 2163 Salmas.
1239 2142 1251 2170 ,·
1276 2129 1429 2173 cogitavi
1448 2129 1490 2161 de

163 2174 351 2209 fermentis
389 2176 441 2210 vel
477 2175 704 2209 frioamentis
727 2177 731 2219 Ι
754 2176 979 2209 orationibus
1012 2188 1038 2208 ω
1058 2177 1069 2218 Π
1090 2179 1131 2208 13
1165 2175 1291 2208 dicunt
1321 2178 1349 2207 R
1372 2177 1375 2219 Ι
1398 2174 1487 2218 phil.

164 2222 227 2256 sed
245 2222 310 2255 tib.
332 2222 433 2264 loqui
454 2224 490 2255 et
510 2224 658 2256 eantare
677 2222 787 2267 111115
814 2223 900 2255 dum
920 2223 1002 2256 add.
1025 2223 1136 2256 Hertz
1157 2222 1187 2255 si
1209 2222 1347 2264 Carrio,
1366 2222 1490 2256 malim

163 2268 340 2314 (quoad)
371 2269 418 2302 rel
445 2268 494 2313 <a
520 2268 618 2315 quo>
639 2271 649 2312 ΙΙ
672 2273 711 2302 16
739 2269 886 2303 fuerunt
906 2283 932 2302 ω
958 2280 1045 2304 corr.
1068 2280 1088 2306 ς
