1617 2484
652 66 681 100 Χ
710 71 770 108 2⁴›;
799 70 834 100 21
1328 68 1412 108 2365

78 178 119 215 ot
156 174 341 224 nominc3
380 189 474 215 nam
516 174 593 215 nisi
635 175 815 228 populus
847 179 920 216 aut
953 175 1070 228 plebs
1102 179 1290 230 rogetur,
1324 177 1412 216 11111-

77 235 164 274 111111
198 233 331 286 plebis
363 236 435 273 aut
468 233 611 287 populi
649 233 805 273 iussum
842 235 929 274 fieri
963 238 1112 288 potest.

167 292 247 333 Sed
285 306 540 345 quamquam
577 292 677 332 hacc
710 292 767 332 ita
800 296 914 346 sunt,
955 294 995 333 in
1028 293 1239 334 veteribus
1272 296 1412 333 tamen
1451 307 1470 335 9

78 350 245 405 scriptis
272 366 357 391 non
381 365 577 405 magnam
609 351 906 392 vocabulorum
934 352 1111 392 istorum
1133 352 1411 393 differentiani

42 424 167 451 5cssc
215 410 598 450 animadvertimus.
671 409 780 450 Nam
833 414 873 451 et
918 411 1158 464 plebisscita
1202 415 1243 452 et
1288 411 1412 464 privi-

77 469 187 523 legia
224 469 485 509 translaticio
523 469 693 510 nomine
732 469 867 523 ‘legis'
901 471 1220 523 appellaverunt
1252 469 1413 510 eadem-

78 542 157 580 que
190 528 331 569 omnia
363 529 537 569 confuso
565 531 605 568 et
632 528 878 569 indistincto
907 529 1111 569 vocabulo
1140 529 1411 583 ‘rogationes'

77 586 283 627 dixerunt.
346 586 623 627 Sallustius
658 602 825 640 quoque
858 589 1163 640 proprietatum
1197 589 1239 627 in
1275 587 1412 628 verbis
1430 601 1471 631 10

76 645 430 687 retinentissimus
475 646 767 687 consuetudini
807 647 1011 687 concessit
1053 653 1092 687 et
1132 647 1412 699 privilegium,

24 722 57 747 ιο
77 704 190 757 quod
224 704 273 745 de
307 705 378 745 Cn.
408 704 582 758 Pompei
616 705 752 746 reditu
784 705 1007 757 ferebatur,
1039 706 1198 759 legem
1231 707 1412 759 appella-

78 763 149 803 vit.
206 762 346 804 Verba
378 778 428 804 ex
462 764 677 804 secunda
709 765 797 804 eius
830 764 1048 804 historia
1080 765 1183 805 haec
1215 768 1311 805 sunt
1341 766 1412 816 (fr.

77 821 319 866 1121M.):
352 821 473 863 Nam
508 821 697 863 Sullam
731 824 987 863 consulein
1021 824 1076 863 de
1108 823 1274 864 reditu
1307 824 1412 864 eius

76 881 235 935 legen]
262 881 505 922 ferentem
533 896 589 923 ex
617 882 885 936 conposito
907 885 962 923 tr.
983 883 1043 936 pl.
1067 882 1107 922 C.
1131 882 1412 923 Herennius

77 940 420 993 prohibuerat.

25 1075 56 1101 15
696 1058 795 1099 XXI

77 1137 193 1179 Quam
226 1138 272 1171 ob
305 1149 452 1172 causam
479 1138 525 1172 M.
555 1138 679 1172 Cicero
712 1139 769 1172 his
802 1139 948 1173 omnino
975 1140 1094 1173 verbis
1123 1140 1347 1174 ‘novissime’
1377 1142 1414 1173 et

126 1185 374 1219 ‘novissimus’
403 1186 725 1220 observantissime
752 1186 863 1232 (uti)
892 1187 1026 1220 vitarit.

163 1272 258 1309 Non
290 1270 434 1323 paucis
467 1270 616 1323 verbis,
649 1285 827 1324 quorum
860 1272 1055 1324 frequens
1088 1285 1188 1311 usus
1215 1274 1277 1311 est
1302 1285 1413 1311 nunc
1453 1283 1470 1313 1

77 1330 118 1368 et
154 1328 253 1381 fuit,
292 1328 344 1368 M.
381 1327 670 1370 Ciceronem
708 1330 893 1370 noluisse
931 1330 993 1370 uti
1033 1330 1303 1371 manifestum
1339 1333 1413 1381 est,

23 1405 57 1429 20
77 1386 189 1440 quod
234 1401 281 1428 ea
324 1401 409 1428 non
454 1388 667 1441 probaret3
711 1389 826 1429 velut
869 1392 932 1429 est
970 1391 1011 1429 et
1049 1389 1332 1430 ‘novissimus’
1373 1392 1414 1429 et

78 1445 348 1487 ‘novissime'.
410 1446 521 1487 Nam
560 1461 655 1487 cum
694 1450 734 1487 et
766 1447 818 1487 M.
853 1446 973 1488 Cato
1008 1448 1077 1501 (fr.
1104 1449 1181 1488 inc.
1207 1450 1258 1488 51
1278 1447 1338 1496 J.)
1373 1451 1413 1488 et
1452 1459 1469 1488 2

78 1502 355 1545 Sallustius
387 1505 496 1557 (Cat.
524 1504 798 1547 XXX1113
828 1505 923 1559 Jugy.
954 1506 999 1547 X
1021 1510 1051 1548 2
1080 1507 1198 1547 XIX
1222 1510 1248 1546 7
1267 1506 1339 1559 al.)
1373 1509 1414 1547 et

76 1563 147 1603 alii
187 1577 356 1617 quoque
393 1564 543 1605 aetatis
582 1565 765 1605 eiusdem
805 1565 932 1606 verbo
971 1565 1052 1606 isto
1090 1566 1298 1619 promisce
1333 1566 1413 1605 usi-

76 1622 155 1662 tati
188 1622 284 1676 sint,
315 1623 439 1663 multi
472 1624 598 1664 etiam
630 1638 716 1664 non
748 1624 908 1665 indocti
939 1625 1018 1665 viri
1045 1625 1089 1664 in
1112 1624 1233 1665 libris
1259 1625 1301 1664 id
1327 1625 1413 1665 suis

23 1698 56 1724 25
78 1681 332 1735 scripserint,
363 1682 615 1723 abstinuisse
648 1697 696 1723 60
729 1685 871 1723 tamen
901 1686 1119 1736 tamquam
1150 1697 1235 1724 non
1261 1683 1413 1723 Latino

77 1739 261 1793 videtur,
305 1741 521 1793 quoniam,
566 1741 638 1793 qui
683 1742 949 1782 doctissimus
992 1756 1137 1782 eorum
1174 1745 1413 1795 temporum

76 1798 230 1851 fuerat,
274 1799 319 1839 L.
352 1797 527 1840 Aelius
567 1798 699 1840 Stilo
736 1806 791 1852 (p.
817 1803 884 1851 37,
909 1803 964 1842 21
991 1801 1094 1854 Me.)
1134 1802 1182 1841 ut
1224 1815 1334 1841 novo
1374 1803 1415 1841 et

65 1857 257 1910 inprobo
290 1858 417 1898 verbo
448 1858 511 1899 uti
543 1859 758 1900 vitaverat.

165 1915 409 1970 Propterea,
454 1917 554 1970 quid
591 1916 646 1958 M.
692 1931 859 1971 quoque
896 1917 1054 1958 Varro
1100 1918 1150 1959 (16
1194 1918 1274 1959 ista
1312 1932 1415 1959 voce

24 1992 59 2018 30
79 1975 399 2028 existimaverit,
442 1975 580 2016 verbis
624 1977 756 2029 ipsius
800 1975 1045 2017 Varronis
1089 1991 1140 2018 ex
1182 1977 1313 2017 libro
1359 1977 1414 2018 de

77 2034 255 2088 lingua
279 2033 460 2075 Latina
491 2034 549 2075 ad
576 2033 865 2076 Ciceronem
897 2038 1039 2076 sexto
1067 2035 1125 2089 (7,
1145 2037 1217 2089 59)
1245 2037 1414 2077 demon·

174 2165 189 2194 1
223 2160 320 2195 Nam
352 2161 382 2195 si
414 2162 443 2196 δ
465 2163 469 2204 Ι
492 2161 619 2205 plebes
650 2165 681 2194 X
711 2164 723 2205 Η
755 2165 773 2194 6
805 2162 1137 2197 translaticiomine
1161 2166 1187 2196 B
1219 2163 1414 2197 translatio

77 2207 164 2251 (—cio
185 2209 224 2252 Q)
244 2220 278 2242 n.
301 2211 357 2246 QZ
383 2208 563 2242 translato
583 2221 616 2242 n.
637 2221 663 2253 γ
681 2220 770 2244 corr.
789 2210 880 2244 JGr.
905 2213 909 2252 Ι
931 2209 1032 2254 leges
1052 2222 1076 2255 γ
1095 2211 1105 2253 ΙΙ
1127 2215 1169 2244 12
1194 2210 1290 2244 Nam
1310 2211 1415 2245 illam

79 2254 201 2288 sillam
221 2258 247 2292 Q
266 2257 277 2299 Η
299 2259 340 2289 16
366 2255 413 2288 Μ.
441 2266 506 2289 om.
528 2257 633 2299 <5111
657 2257 694 2290 et
719 2276 763 2281 —-
787 2256 933 2302 uitarit]
961 2258 1017 2291 est
1036 2260 1092 2290 ΒΖ
1119 2259 1175 2291 est
1198 2269 1287 2291 usus
1313 2260 1414 2302 (usus

77 2302 119 2335 in
136 2312 208 2337 ras.
227 2314 271 2337 m,
292 2304 328 2346 2)
350 2305 376 2340 Q
395 2304 406 2346 Η
427 2305 468 2336 17
495 2303 550 2336 uti
577 2303 659 2337 add.
681 2314 701 2337 σ
726 2314 769 2338 ex
788 2315 818 2338 v.
838 2305 914 2347 ,2811
936 2307 979 2338 24
1005 2305 1090 2338 sunt
1110 2307 1136 2342 Q
