1591 2474
154 52 210 92 36
513 51 748 85 CAPITVLA
774 52 859 86 LIB.
887 51 996 86 XVII.
1024 52 1141 87 XVIII

154 158 278 200 corda
301 158 454 199 habere
476 173 570 199 sese„
585 159 750 209 dixisse,
778 159 890 212 quod
909 160 984 200 tris
1004 160 1171 214 linguas
1192 160 1492 214 percalluisset,

155 215 367 268 Graecam,
400 216 563 268 Oscam,
596 216 800 257 Latinam.

242 275 385 315 XVIII
418 275 539 323 Quod
560 275 612 315 M.
635 274 769 315 Varro
792 274 833 315 C.
857 274 1116 329 Sallustium,
1142 276 1342 317 historiae
1366 278 1493 331 scrip-

154 337 307 385 torem,
358 334 664 387 deprehensum
715 334 766 374 ab
811 332 952 374 Annio
996 333 1154 375 Milone
1200 335 1244 375 in
1287 335 1492 376 adulterio

155 392 300 432 scribit
332 395 373 432 et
403 392 505 432 loris
538 406 704 432 caesum
738 393 999 445 pecuniaque
1032 393 1127 433 data
1159 393 1390 434 dimissum.

242 449 342 490 XIX
386 449 495 498 Quid
526 450 746 503 Epictetus
779 450 1059 504 philosophus
1093 452 1228 492 dicere
1260 452 1409 493 solitus
1441 453 1495 492 sit

154 509 397 549 hominibus
435 523 616 562 nequam
656 512 696 549 et
728 509 889 562 inpuris
926 509 1167 562 disciplinas
1200 510 1495 564 philosophiae

155 567 340 607 studiose
384 567 680 619 tractantibus3
724 570 765 608 et
805 582 910 620 quae
950 568 1030 608 duo
1069 568 1197 608 verba
1236 569 1495 609 observanda

155 626 415 678 praeceperit
448 626 637 666 omnium
664 640 803 666 rerum
834 627 961 680 longe
994 626 1187 667 salubria.

244 683 322 723 XX
372 682 507 724 Verba
545 687 713 737 sumpta
751 699 801 725 ex
835 683 1060 738 Symposio
1088 684 1277 726 Platonis
1310 686 1495 726 numeris

156 743 500 796 coagmentisque
550 743 774 782 verborum
825 744 927 783 scite
975 743 1272 797 modulateque
1316 747 1496 797 apteque

157 800 375 840 exercendi
408 801 542 855 gratia
574 802 618 841 in
649 800 842 841 Latinam
876 802 1110 842 orationem
1142 816 1270 842 versa.

243 857 344 899 XXI
400 858 561 907 Quibus
612 860 873 912 temporibus
918 862 1015 912 post
1059 859 1238 900 Romam
1284 860 1497 901 conditam

157 915 302 957 Graeci
334 916 600 970 Romanique
635 918 832 958 inlustres
864 919 942 957 viri
974 918 1194 959 floruerint
1225 922 1321 959 ante
1354 932 1497 959 secun—

158 975 256 1015 dum
290 975 448 1016 bellum
483 975 906 1030 Carthaginiensium.

306 1117 619 1163 CAPITVLA
657 1117 828 1163 LIBRI
867 1117 1094 1164 OOTAVI
1133 1118 1352 1164 DEGIMI

246 1207 264 1248 I
310 1208 629 1261 Disputationes
672 1224 694 1248 a
733 1208 989 1262 philosopho
1031 1208 1173 1250 Stoico
1213 1212 1254 1250 et
1291 1212 1437 1250 contra
1476 1225 1499 1250 a

159 1267 436 1320 Peripatetico
461 1267 619 1307 arbitro
643 1267 849 1307 Favorino
871 1268 1022 1319 factae3
1050 1268 1371 1321 quaesitumque
1391 1268 1500 1309 inter

159 1340 248 1378 eos,
288 1328 492 1378 quantum
531 1326 575 1366 in
611 1326 865 1379 perficienda
903 1327 989 1365 vita
1028 1326 1147 1366 beata
1179 1327 1311 1366 virtus
1344 1328 1501 1367 valeret

159 1387 446 1437 quantumque
479 1387 588 1424 esset
619 1385 663 1424 in
694 1384 777 1435 his,
811 1399 916 1437 quae
949 1385 1145 1424 dicuntur
1178 1385 1416 1425 ‘extranea’.

244 1442 283 1482 II
310 1441 555 1482 Cuiusmodi
581 1443 875 1494 quaestionum
897 1443 1199 1483 certationibus
1222 1441 1501 1483 Saturnalicia

158 1501 320 1540 ludicra
358 1499 536 1540 Athenis
581 1501 740 1554 agitare
784 1501 898 1541 soliti
940 1501 1088 1553 simus3
1133 1503 1260 1554 atque
1298 1501 1403 1541 inibi
1441 1502 1500 1541 in-

159 1574 301 1612 spersa
334 1560 538 1611 quaedam
572 1559 847 1612 sophismatia
879 1562 920 1599 et
951 1560 1189 1613 aenigmata
1216 1559 1500 1600 oblectatoria.

247 1616 307 1657 III
347 1616 456 1665 Quid
488 1616 718 1658 Aeschines
749 1617 894 1658 rhetor
925 1618 968 1657 in
1002 1618 1203 1669 oratione,
1235 1632 1318 1670 qua
1343 1617 1502 1658 Timar-

161 1675 287 1715 chum
321 1676 369 1716 de
396 1676 645 1728 inpudicitia
671 1676 893 1727 accusavit,
926 1675 1279 1716 Lacedaemonios
1307 1677 1502 1716 statuisse

162 1734 315 1774 dixerit
358 1749 484 1787 super
527 1734 734 1774 sententia
777 1735 1092 1787 probatissima⁷
1136 1749 1263 1787 quam
1307 1734 1502 1788 inproba-

161 1793 348 1832 tissimus
381 1792 509 1832 homo
543 1793 727 1832 dixisset.

251 1849 312 1889 IV
351 1850 472 1899 Quod
500 1849 712 1903 Sulpicius
738 1849 998 1903 Apollinaris
1032 1850 1342 1903 praedicantem
1376 1865 1502 1903 quen-

163 1909 257 1948 dam
290 1924 313 1947 a
339 1923 428 1949 sese
454 1923 538 1949 uno
568 1908 742 1949 Sallusti
767 1909 964 1949 historias
991 1909 1182 1963 intellegi
1207 1909 1354 1949 inlusit
1380 1923 1503 1962 quae-

163 1967 298 2007 stione
325 1968 554 2020 proposita,
581 1968 681 2020 quid
707 1967 834 2007 verba
860 1968 939 2007 ista
964 1967 1076 2020 apud
1101 1965 1349 2008 Sallustium
1376 1967 1503 2021 signi-

162 2026 352 2065 ficarent:
386 2025 626 2077 ‘incertum7
659 2025 852 2065 stolidior
883 2040 936 2065 an
968 2025 1140 2065 vanior’.

250 2082 290 2122 V
335 2083 456 2131 Quod
492 2082 536 2132 Q.
570 2083 733 2124 Ennius
772 2085 815 2123 in
854 2084 1032 2136 septimo
1072 2084 1213 2124 annali
1251 2083 1503 2136 equadrupes

164 2141 305 2194 eques’
356 2156 404 2181 ac
452 2156 539 2181 non
582 2141 835 2195 ‘quadrupes
880 2141 1039 2194 equus’,
1088 2145 1136 2182 ut
1177 2143 1326 2195 legunt
1368 2142 1504 2190 multi,

165 2199 370 2252 scriptum
403 2200 584 2252 reliquit.

256 2256 316 2297 VI
350 2257 471 2306 Quod
498 2257 643 2298 Aelius
670 2258 863 2299 Melissus
893 2259 938 2299 in
961 2258 1083 2312 libro,
1115 2258 1182 2298 cui
1208 2258 1380 2298 titulum
1405 2257 1506 2298 fecit
