1617 2484
700 59 780 92 VIII
803 63 913 93 ἰ’-11
1392 62 1473 101 307

138 173 177 207 et
213 170 367 217 habitu3
406 172 522 218 atquc
561 170 657 207 inibi
696 171 774 207 alia
813 171 1002 218 quaedam
1041 170 1087 208 de
1123 171 1374 208 exuberantia
1407 175 1477 208 aut

138 230 297 266 interitu
330 230 411 266 eius
443 229 545 266 lecta
577 228 799 277 auditaque.

758 341 859 382 VIII

226 426 326 471 Quid
364 428 459 463 mihi
498 439 569 464 usu
608 429 758 465 venerit
796 428 1046 476 interpretari
1079 431 1116 465 et
1149 430 1261 476 quasi
1295 429 1476 478 effingere

101 498 116 523 5
136 486 284 523 volenti
316 486 419 523 locos
452 485 639 534 quosdam
672 486 947 523 Platonicos
980 486 1123 524 Latina
1155 487 1340 524 oratione.

777 598 837 639 IX

224 683 334 728 Quod
367 685 721 732 Theophrastus
759 685 1013 733 philosophus
1052 687 1177 723 omnis
1209 698 1301 723 suae
1335 689 1475 724 aetatis

134 743 434 781 facundissimus
463 743 582 780 verba
607 755 732 791 pauca
759 743 807 780 ad
833 744 1022 792 populum
1048 745 1325 782 Atheniensem
1351 746 1476 783 factu-

134 814 201 839 rus
239 801 468 839 deturbatus
506 801 739 839 verecundia
776 802 1002 849 obticuerit3
1046 803 1226 851 quodque
1264 804 1367 841 idem
1404 805 1476 841 hoc

83 873 115 897 10
134 859 468 897 Demostheni
525 860 628 908 apud
679 860 901 909 Philippum
957 874 1088 910 regern
1143 862 1259 899 verba
1316 863 1474 900 facienti

135 920 317 956 evenerit.

786 985 824 1026 X

224 1069 358 1115 Qualis
390 1071 487 1108 mihi
518 1070 638 1108 fuerit
668 1072 708 1107 in
741 1071 884 1120 oppido
911 1072 1096 1109 Eleusino
1129 1072 1361 1121 disceptatio
1388 1086 1475 1111 cum

135 1130 392 1178 grammatico
443 1129 627 1178 quodamv
661 1129 918 1180 praestigioso
965 1132 1142 1179 tempora
1185 1131 1393 1169 verborum
1437 1134 1476 1169 et

83 1200 113 1225 15
134 1188 302 1236 puerilia
338 1187 619 1224 meditamenta
655 1189 878 1238 ignorante,
916 1191 1154 1227 remotarum
1192 1192 1323 1227 autem
1356 1203 1474 1239 quae-

134 1247 305 1283 stionum
331 1246 492 1283 nebulas
519 1249 558 1284 et
577 1247 804 1284 formidines
825 1247 1022 1296 capiendis
1042 1249 1313 1296 imperitorum
1334 1249 1475 1286 animis

134 1307 366 1342 ostentante.

221 1383 527 1436 halophantam
559 1383 803 1424 mendacem
835 1385 946 1425 velit.

774 1500 834 1541 XI

81 1599 114 1624 20
222 1583 347 1628 Quam
384 1585 523 1623 festive
554 1586 799 1634 responderit
829 1586 1080 1635 Xanthippae
1112 1588 1222 1624 uxori
1255 1587 1473 1625 Socrates

132 1645 299 1691 petenti,
331 1645 375 1681 ut
405 1657 474 1691 per
505 1643 696 1693 Dionysia
728 1645 897 1694 largiore
929 1647 1087 1693 sumptu
1120 1647 1345 1683 cenitarent.

133 1765 228 1799 quae
259 1754 400 1798 profert
430 1755 524 1790 Non.
551 1755 584 1788 V
608 1767 642 1799 p.
671 1759 749 1798 441,
778 1759 796 1788 3
813 1767 909 1800 sqq,
941 1755 1140 1790 verisimile
1173 1758 1244 1799 est,
1277 1756 1333 1789 vd.
1362 1755 1474 1791 Hertz

133 1811 190 1845 op.
213 1801 303 1836 Gell.
325 1813 359 1846 p.
383 1805 466 1844 1153
493 1802 556 1836 cfr.
578 1802 691 1836 etIam
705 1802 798 1836 Plin.
813 1802 879 1836 VH
895 1806 949 1844 24,
964 1806 1007 1836 88
1024 1814 1100 1845 sqq.
1123 1802 1245 1844 Quint.
1262 1803 1311 1837 XI
1325 1807 1344 1836 2
1365 1803 1471 1838 Rhet.

131 1847 196 1882 lat.
223 1849 310 1882 min.
340 1852 417 1891 128,
445 1852 599 1893 20sqq.;
626 1853 705 1892 440,
727 1853 787 1891 11,
814 1852 892 1892 483,
915 1853 975 1890 103
1003 1853 1082 1892 545,
1103 1853 1146 1883 36
1161 1849 1204 1883 H.
1358 1854 1376 1884 7
1393 1862 1471 1895 sqq.

131 1895 301 1929 Aeschin.
331 1895 375 1929 de
402 1895 425 1929 f.
452 1895 522 1940 leg.
551 1899 595 1929 34
626 1895 768 1929 Aelian.
795 1907 825 1930 v.
854 1896 887 1930 h.
915 1895 999 1929 VIII
1020 1900 1061 1929 12
1092 1896 1262 1930 Philostr.
1285 1897 1346 1930 vit.
1369 1897 1470 1942 soph.

131 1941 147 1975 I
169 1945 222 1985 18,
246 1946 262 1975 1
289 1941 323 1975 II
344 1946 375 1984 1,
398 1946 440 1976 14
466 1942 619 1987 Longin.
642 1942 747 1976 Rhet.
769 1955 803 1986 p.
826 1946 892 1976 572
908 1942 964 1976 W.
1109 1946 1151 1977 18
1178 1943 1277 1977 Num
1297 1944 1408 1978 verba
1428 1955 1473 1978 ex

131 1988 225 2023 Non.
246 1989 279 2022 II
297 2001 332 2033 p.
356 1992 433 2032 120,
456 1993 496 2022 12
530 1990 598 2033 (‘et
623 1989 717 2023 alius
744 1989 952 2024 nobilitatis
978 1990 1170 2024 obscurae:
1204 1990 1473 2035 halophantam

132 2035 348 2070 mendacem
367 2035 487 2080 velit’)
511 2035 584 2070 huc
602 2035 784 2070 trahenda
805 2036 889 2079 sint,
915 2036 1069 2071 dubium
1089 2038 1159 2080 θεὲ,
1187 2036 1250 2071 cfr.
1272 2037 1383 2072 Hertz
1403 2037 1425 2071 1.
1447 2038 1470 2071 I.

228 2191 245 2221 1
274 2188 319 2222 de
345 2187 421 2222 alia
447 2188 630 2232 quaedam
656 2190 695 2231 (s.
718 2188 892 2232 quadam)
919 2189 1023 2224 exub.
1051 2191 1090 2233 (s.
1112 2192 1233 2234 exup.)
1261 2201 1281 2227 ς
1306 2201 1393 2224 corr.
1417 2201 1437 2224 6
1460 2191 1473 2235 Η

134 2234 278 2318 Ξὶὲὲξὺὲ
298 2235 510 2325 Zchltituque
536 2235 650 2279 digna
674 2235 833 2280 Thy-sius
862 2237 874 2279 Η
906 2239 924 2269 7
951 2236 1114 2270 omnium
1141 2248 1160 2270 σ
1190 2239 1202 2281 Η
1233 2239 1253 2270 8
1280 2237 1471 2271 athenien-

1190 2341 1258 2375 202<
