1591 2474
172 67 226 108 38
565 67 798 102 CAPITVLA
824 68 908 103 LIB.
937 68 1028 102 XIX.
1055 68 1120 102 XX

172 175 342 215 (lissima
374 178 453 227 est,
492 174 696 215 cum'hae
729 175 832 215 duae
865 176 1093 216 bestiarum
1126 177 1251 217 etiam
1285 177 1386 227 sint,
1416 177 1510 217 reli-

171 248 277 286 quae
307 233 530 273 hominum
563 236 739 272 tantum.

258 291 318 331 III
357 291 477 345 Quod
510 292 674 344 turpius
708 295 769 332 est
801 292 953 346 frigide
979 293 1139 332 laudari
1167 307 1293 345 quam
1319 293 1509 334 acerbius

170 350 409 403 vituperari.

257 408 318 448 IV
369 408 651 456 Quamobrem
699 411 843 448 venter
887 409 1105 461 repentino
1151 410 1302 449 timore
1346 409 1509 462 effluat3

170 481 297 519 quare
330 467 455 507 etiam
489 467 599 520 ignis
632 467 797 507 urinam
828 468 1016 507 lacessat.

257 524 296 564 V
332 524 397 564 Ex
429 523 670 565 Aristotelis
702 524 821 565 libris
855 528 1083 579 sumptum,
1116 526 1229 578 quod
1260 525 1368 565 nivis
1401 539 1509 578 aqua

169 583 289 636 potui
316 583 497 636 pessima
524 584 595 636 sit3
622 586 662 623 et
688 584 801 636 quod
825 598 874 624 ex
894 584 990 624 nive
1010 584 1232 636 crystallus
1253 586 1508 624 concreatur.

256 641 317 681 VI
343 641 465 690 Quod
491 642 627 694 pudor
647 642 895 695 sanguinem
916 642 967 682 ad
987 645 1128 682 extera
1149 642 1356 693 diffundit,
1382 642 1510 682 timor

168 714 266 741 vero
300 700 521 740 contrahit.

257 758 338 798 VII
375 758 485 807 Quid
517 759 571 799 sit
598 758 822 811 ‘obesum’3
854 759 1142 811 nonnullaque
1169 759 1250 798 alia
1276 759 1413 812 prisca
1439 773 1510 799 vo-

171 817 330 857 cabula.

256 874 357 915 VIII
396 874 606 927 Quaestio,
636 890 689 914 an
715 875 913 927 ‘hm-ena’,
941 875 1146 927 ‘caelum’‚
1173 874 1391 915 ‘triticum'
1418 876 1509 928 plu-

167 934 270 973 ralia
291 935 576 986 inveniantur3
603 937 729 986 atque
749 934 854 974 inibi
875 934 924 974 de
946 933 1206 988 <quadrigis’,
1233 933 1509 985 ‘inimicitiis’‚

167 993 382 1032 nonnullis
409 995 624 1045 praeterea
650 993 878 1037 vocabulis,
904 1007 958 1032 an
978 993 1181 1046 singulari
1201 1006 1376 1032 numero
1399 1005 1509 1032 com—

169 1052 394 1104 periantur.

255 1108 314 1149 IX
346 1107 524 1149 Antonii
549 1107 702 1149 Iuliani
729 1109 772 1148 in
798 1109 992 1149 convivio
1020 1109 1071 1148 ad
1098 1108 1301 1161 quosdam
1328 1107 1509 1149 Graecos

166 1168 425 1221 lepidissima
456 1167 687 1220 responsio.

256 1225 293 1266 X
325 1225 464 1266 Verba
490 1225 593 1266 haec
620 1225 799 1279 ‘praeter
825 1225 1012 1279 propter'
1041 1225 1083 1265 in
1109 1239 1186 1265 usu
1207 1224 1323 1279 volgi
1343 1224 1509 1278 prodita

167 1285 293 1325 etiam
326 1284 455 1324 Ennii
486 1284 627 1324 fuisse.

255 1341 314 1382 XI
346 1342 473 1383 Ponit
498 1357 641 1383 versus
668 1342 857 1382 Platonis
884 1341 1123 1393 amatorios,
1150 1355 1254 1394 quos
1281 1341 1508 1382 admodum

167 1402 475 1453 iuvenislusit,
508 1401 607 1441 dum
640 1401 867 1455 tragoediis
900 1400 1126 1441 contendit.

255 1459 336 1499 XII
377 1459 628 1500 Dissertatio
662 1458 843 1499 Herodis
875 1457 1008 1499 Attici
1047 1473 1171 1511 super
1208 1459 1249 1498 vi
1287 1460 1328 1498 et
1359 1460 1509 1498 natura

168 1518 324 1558 doloris
374 1532 556 1570 suaeque
607 1517 818 1570 opinionis
869 1517 1094 1557 affirmatio
1146 1532 1220 1570 per
1269 1516 1508 1569 exemplum

167 1576 326 1617 indocti
357 1576 515 1629 rustici,
548 1576 621 1628 qui
653 1590 748 1616 cum
779 1575 895 1616 rubis
928 1575 1165 1615 fructiferas
1197 1574 1366 1615 arbores
1392 1588 1509 1628 prae-

168 1635 278 1675 cidit.

255 1692 357 1733 XIII
407 1692 520 1741 Quos
572 1691 857 1746 ‘pumiliones'
903 1692 1098 1743 dicimus,
1150 1689 1302 1732 Graece
1347 1691 1509 1738 νοένους

169 1752 384 1805 appellari.

256 1809 357 1850 XIV
411 1808 796 1862 Contemporaneos
846 1809 976 1849 fuisse
1021 1807 1185 1848 Caesari
1230 1809 1271 1847 et
1317 1806 1508 1847 Ciceroni

169 1867 222 1907 M.
250 1868 485 1908 Varronem
518 1870 559 1908 et
590 1867 633 1907 P.
660 1866 900 1921 Nigidium,
932 1867 1080 1906 aetatis
1113 1879 1210 1906 suae
1243 1864 1508 1905 doctissimos

169 1925 401 1979 Romanos3
422 1929 462 1966 et
483 1926 596 1979 quod
610 1924 772 1980 Nigidii
790 1925 1164 1966 commentationes
1179 1926 1352 1976 propter
1366 1937 1508 1963 earum

170 1985 469 2025 obscuritatem
514 1984 876 2036 subtilitatemque
920 1984 964 2023 in
1004 1983 1154 2037 Volgus
1192 1996 1278 2022 non
1315 1980 1512 2031 exeunt.)

422 2125 736 2171 CAPITVLA
773 2125 944 2170 LIBRI
979 2122 1257 2189 VICESIMI

258 2216 277 2256 I
320 2216 562 2270 Disputatio
597 2215 688 2257 Sex.
723 2215 893 2257 Caecilii
930 2214 1204 2256 iureconsulti
1239 2216 1281 2253 et
1313 2212 1514 2254 Favorini

170 2275 415 2329 philosophi
448 2275 497 2315 de
528 2275 694 2330 legibus
727 2274 946 2315 duodecim
979 2272 1231 2314 tabularum.
