<?xml version="1.0" encoding="UTF-8"?>
<!DOCTYPE html PUBLIC "-//W3C//DTD XHTML 1.0 Transitional//EN"
    "http://www.w3.org/TR/xhtml1/DTD/xhtml1-transitional.dtd">
<html xmlns="http://www.w3.org/1999/xhtml" xml:lang="en" lang="en">
 <head>
  <title>
</title>
<meta http-equiv="Content-Type" content="text/html;charset=utf-8" />
  <meta name='ocr-system' content='tesseract 3.04.00' />
  <meta name='ocr-capabilities' content='ocr_page ocr_carea ocr_par ocr_line ocrx_word'/>
</head>
<body>
  <div class='ocr_page' id='page_1' title='image "./agelliinoctiumat01gelluoft_0199.png"; bbox 0 0 1617 2484; ppageno 0'>
   <div class='ocr_carea' id='block_1_1' title="bbox 676 62 1434 104">
    <p class='ocr_par' dir='ltr' id='par_1_1' title="bbox 676 62 1434 104">
     <span class='ocr_line' id='line_1_1' title="bbox 676 62 1434 104; baseline 0.007 -8"><span class='ocrx_word' id='word_1_1' title='bbox 676 63 793 104; x_wconf 71' lang='grc'>1124,</span> <span class='ocrx_word' id='word_1_2' title='bbox 822 67 864 96; x_wconf 88' lang='grc'>25</span> <span class='ocrx_word' id='word_1_3' title='bbox 1360 62 1434 102; x_wconf 73' lang='lat'>131</span> 
     </span>
    </p>
   </div>
   <div class='ocr_carea' id='block_1_2' title="bbox 104 169 1441 284">
    <p class='ocr_par' dir='ltr' id='par_1_2' title="bbox 104 169 1441 284">
     <span class='ocr_line' id='line_1_2' title="bbox 104 169 1441 226; baseline -0.001 -13"><span class='ocrx_word' id='word_1_4' title='bbox 104 173 250 226; x_wconf 87' lang='lat' dir='ltr'>pulum</span> <span class='ocrx_word' id='word_1_5' title='bbox 279 171 388 219; x_wconf 86' lang='lat' dir='ltr'>tulit,</span> <span class='ocrx_word' id='word_1_6' title='bbox 415 186 496 225; x_wconf 84' lang='lat' dir='ltr'>qua</span> <span class='ocrx_word' id='word_1_7' title='bbox 523 174 690 211; x_wconf 83' lang='lat' dir='ltr'>cautum</span> <span class='ocrx_word' id='word_1_8' title='bbox 719 174 793 223; x_wconf 87' lang='lat' dir='ltr'>est,</span> <span class='ocrx_word' id='word_1_9' title='bbox 819 174 866 211; x_wconf 87' lang='lat' dir='ltr'>ut</span> <span class='ocrx_word' id='word_1_10' title='bbox 886 170 1098 223; x_wconf 83' lang='lat' dir='ltr'>Kalendis,</span> <span class='ocrx_word' id='word_1_11' title='bbox 1124 169 1279 222; x_wconf 75' lang='lat' dir='ltr'>Idibus,</span> <span class='ocrx_word' id='word_1_12' title='bbox 1304 169 1441 211; x_wconf 77' lang='lat' dir='ltr'>Nonis</span> 
     </span>
     <span class='ocr_line' id='line_1_3' title="bbox 104 229 1440 284; baseline -0.002 -12"><span class='ocrx_word' id='word_1_13' title='bbox 104 231 334 284; x_wconf 86' lang='lat' dir='ltr'>diebusque</span> <span class='ocrx_word' id='word_1_14' title='bbox 377 231 572 271; x_wconf 86' lang='lat' dir='ltr'>ludorum</span> <span class='ocrx_word' id='word_1_15' title='bbox 624 233 665 270; x_wconf 92' lang='lat' dir='ltr'>et</span> <span class='ocrx_word' id='word_1_16' title='bbox 708 231 822 271; x_wconf 79' lang='lat' dir='ltr'>feriis</span> <span class='ocrx_word' id='word_1_17' title='bbox 868 230 1119 282; x_wconf 81' lang='lat' dir='ltr'>quibusdam</span> <span class='ocrx_word' id='word_1_18' title='bbox 1165 229 1440 270; x_wconf 78' lang='lat' dir='ltr'>sollemnibus</span> 
     </span>
    </p>
   </div>
   <div class='ocr_carea' id='block_1_3' title="bbox 96 288 1441 341">
    <p class='ocr_par' dir='ltr' id='par_1_3' title="bbox 96 288 1441 341">
     <span class='ocr_line' id='line_1_4' title="bbox 96 288 1441 341; baseline -0.003 -10"><span class='ocrx_word' id='word_1_19' title='bbox 96 291 317 331; x_wconf 81' lang='lat' dir='ltr'>sestertios</span> <span class='ocrx_word' id='word_1_20' title='bbox 364 292 554 330; x_wconf 73' lang='lat' dir='ltr'>trecenos</span> <span class='ocrx_word' id='word_1_21' title='bbox 598 290 642 329; x_wconf 88' lang='lat' dir='ltr'>in</span> <span class='ocrx_word' id='word_1_22' title='bbox 687 304 829 329; x_wconf 82' lang='lat' dir='ltr'>cenam</span> <span class='ocrx_word' id='word_1_23' title='bbox 876 290 1085 329; x_wconf 84' lang='lat' dir='ltr'>insumere</span> <span class='ocrx_word' id='word_1_24' title='bbox 1128 288 1193 329; x_wconf 86' lang='lat' dir='ltr'>ius</span> <span class='ocrx_word' id='word_1_25' title='bbox 1238 290 1441 341; x_wconf 83' lang='lat' dir='ltr'>potestas-</span> 
     </span>
    </p>
   </div>
   <div class='ocr_carea' id='block_1_4' title="bbox 103 347 1440 402">
    <p class='ocr_par' dir='ltr' id='par_1_4' title="bbox 103 347 1440 402">
     <span class='ocr_line' id='line_1_5' title="bbox 103 347 1440 402; baseline -0.001 -13"><span class='ocrx_word' id='word_1_26' title='bbox 103 364 184 402; x_wconf 81' lang='lat' dir='ltr'>que</span> <span class='ocrx_word' id='word_1_27' title='bbox 216 350 342 401; x_wconf 89' lang='lat' dir='ltr'>esset,</span> <span class='ocrx_word' id='word_1_28' title='bbox 380 349 527 389; x_wconf 88' lang='lat' dir='ltr'>ceteris</span> <span class='ocrx_word' id='word_1_29' title='bbox 559 352 698 389; x_wconf 85' lang='lat' dir='ltr'>autem</span> <span class='ocrx_word' id='word_1_30' title='bbox 734 348 880 388; x_wconf 79' lang='lat' dir='ltr'>diebus</span> <span class='ocrx_word' id='word_1_31' title='bbox 913 348 1109 388; x_wconf 88' lang='lat' dir='ltr'>omnibus</span> <span class='ocrx_word' id='word_1_32' title='bbox 1141 362 1227 387; x_wconf 89' lang='lat' dir='ltr'>non</span> <span class='ocrx_word' id='word_1_33' title='bbox 1259 347 1440 400; x_wconf 86' lang='lat' dir='ltr'>amplius</span> 
     </span>
    </p>
   </div>
   <div class='ocr_carea' id='block_1_5' title="bbox 68 408 296 451">
    <p class='ocr_par' dir='ltr' id='par_1_5' title="bbox 68 408 296 451">
     <span class='ocr_line' id='line_1_6' title="bbox 68 408 296 451; baseline -0.013 0"><span class='ocrx_word' id='word_1_34' title='bbox 68 427 81 451; x_wconf 84' lang='lat'>5</span> <span class='ocrx_word' id='word_1_35' title='bbox 103 408 296 449; x_wconf 86' lang='lat' dir='ltr'>tricenos.</span> 
     </span>
    </p>
   </div>
   <div class='ocr_carea' id='block_1_6' title="bbox 48 722 80 747">
    <p class='ocr_par' dir='ltr' id='par_1_6' title="bbox 48 722 80 747">
     <span class='ocr_line' id='line_1_7' title="bbox 48 722 80 747; baseline -0.031 0"><span class='ocrx_word' id='word_1_36' title='bbox 48 722 80 747; x_wconf 83' lang='lat'>10</span> 
     </span>
    </p>
   </div>
   <div class='ocr_carea' id='block_1_7' title="bbox 46 1016 77 1041">
    <p class='ocr_par' dir='ltr' id='par_1_7' title="bbox 46 1016 77 1041">
     <span class='ocr_line' id='line_1_8' title="bbox 46 1016 77 1041; baseline 0 0"><span class='ocrx_word' id='word_1_37' title='bbox 46 1016 77 1041; x_wconf 85' lang='lat'>15</span> 
     </span>
    </p>
   </div>
   <div class='ocr_carea' id='block_1_8' title="bbox 97 465 1497 1285">
    <p class='ocr_par' dir='ltr' id='par_1_8' title="bbox 101 465 1497 637">
     <span class='ocr_line' id='line_1_9' title="bbox 190 465 1497 519; baseline 0 -12"><span class='ocrx_word' id='word_1_38' title='bbox 190 466 360 507; x_wconf 84' lang='lat' dir='ltr'>Praeter</span> <span class='ocrx_word' id='word_1_39' title='bbox 403 466 478 507; x_wconf 86' lang='lat' dir='ltr'>has</span> <span class='ocrx_word' id='word_1_40' title='bbox 516 467 630 519; x_wconf 75' lang='lat' dir='ltr'>leges</span> <span class='ocrx_word' id='word_1_41' title='bbox 670 465 935 506; x_wconf 77' lang='lat' dir='ltr'>Aemiliam</span> <span class='ocrx_word' id='word_1_42' title='bbox 976 480 1144 519; x_wconf 88' lang='lat' dir='ltr'>quoque</span> <span class='ocrx_word' id='word_1_43' title='bbox 1181 466 1341 519; x_wconf 82' lang='lat' dir='ltr'>legem</span> <span class='ocrx_word' id='word_1_44' title='bbox 1381 465 1497 507; x_wconf 73' lang='lat' dir='ltr'>inl-3</span> 
     </span>
     <span class='ocr_line' id='line_1_10' title="bbox 101 524 1437 579; baseline -0.002 -13"><span class='ocrx_word' id='word_1_45' title='bbox 101 526 304 578; x_wconf 84' lang='lat' dir='ltr'>venimus,</span> <span class='ocrx_word' id='word_1_46' title='bbox 337 540 419 578; x_wconf 88' lang='lat' dir='ltr'>qua</span> <span class='ocrx_word' id='word_1_47' title='bbox 450 526 542 579; x_wconf 78' lang='lat' dir='ltr'>lege</span> <span class='ocrx_word' id='word_1_48' title='bbox 575 540 658 565; x_wconf 86' lang='lat' dir='ltr'>non</span> <span class='ocrx_word' id='word_1_49' title='bbox 687 527 881 578; x_wconf 86' lang='lat' dir='ltr'>sumptus</span> <span class='ocrx_word' id='word_1_50' title='bbox 908 539 1117 576; x_wconf 85' lang='lat' dir='ltr'>cenarum,</span> <span class='ocrx_word' id='word_1_51' title='bbox 1150 525 1222 565; x_wconf 88' lang='lat' dir='ltr'>sed</span> <span class='ocrx_word' id='word_1_52' title='bbox 1247 524 1437 565; x_wconf 88' lang='lat' dir='ltr'>ciborum</span> 
     </span>
     <span class='ocr_line' id='line_1_11' title="bbox 101 584 872 637; baseline -0.003 -12"><span class='ocrx_word' id='word_1_53' title='bbox 101 598 232 637; x_wconf 64' lang='lat' dir='ltr'>genus</span> <span class='ocrx_word' id='word_1_54' title='bbox 266 587 307 625; x_wconf 90' lang='lat' dir='ltr'>et</span> <span class='ocrx_word' id='word_1_55' title='bbox 338 585 487 624; x_wconf 88' lang='lat' dir='ltr'>modus</span> <span class='ocrx_word' id='word_1_56' title='bbox 520 584 765 637; x_wconf 83' lang='lat' dir='ltr'>praefinitus</span> <span class='ocrx_word' id='word_1_57' title='bbox 801 586 872 624; x_wconf 88' lang='lat' dir='ltr'>est.</span> 
     </span>
    </p>

    <p class='ocr_par' dir='ltr' id='par_1_9' title="bbox 100 642 1497 814">
     <span class='ocr_line' id='line_1_12' title="bbox 188 642 1497 696; baseline 0 -12"><span class='ocrx_word' id='word_1_58' title='bbox 188 643 289 684; x_wconf 80' lang='lat' dir='ltr'>Lex</span> <span class='ocrx_word' id='word_1_59' title='bbox 323 644 470 684; x_wconf 88' lang='lat' dir='ltr'>deinde</span> <span class='ocrx_word' id='word_1_60' title='bbox 496 642 648 683; x_wconf 84' lang='lat' dir='ltr'>Antia</span> <span class='ocrx_word' id='word_1_61' title='bbox 678 645 843 696; x_wconf 82' lang='lat' dir='ltr'>praeter</span> <span class='ocrx_word' id='word_1_62' title='bbox 869 644 1085 695; x_wconf 88' lang='lat' dir='ltr'>sumptum</span> <span class='ocrx_word' id='word_1_63' title='bbox 1113 642 1218 683; x_wconf 87' lang='lat' dir='ltr'>aeris</span> <span class='ocrx_word' id='word_1_64' title='bbox 1245 642 1287 682; x_wconf 89' lang='lat' dir='ltr'>id</span> <span class='ocrx_word' id='word_1_65' title='bbox 1314 642 1438 682; x_wconf 89' lang='lat' dir='ltr'>etiam</span> <span class='ocrx_word' id='word_1_66' title='bbox 1457 654 1497 684; x_wconf 87' lang='lat'>13</span> 
     </span>
     <span class='ocr_line' id='line_1_13' title="bbox 101 702 1439 756; baseline -0.001 -13"><span class='ocrx_word' id='word_1_67' title='bbox 101 703 252 755; x_wconf 81' lang='lat' dir='ltr'>sanxit,</span> <span class='ocrx_word' id='word_1_68' title='bbox 276 705 324 742; x_wconf 90' lang='lat' dir='ltr'>ut</span> <span class='ocrx_word' id='word_1_69' title='bbox 350 703 422 756; x_wconf 90' lang='lat' dir='ltr'>qui</span> <span class='ocrx_word' id='word_1_70' title='bbox 448 702 719 756; x_wconf 68' lang='lat' dir='ltr'>magistratus</span> <span class='ocrx_word' id='word_1_71' title='bbox 745 704 854 742; x_wconf 88' lang='lat' dir='ltr'>esset</span> <span class='ocrx_word' id='word_1_72' title='bbox 873 702 1220 756; x_wconf 78' lang='lat' dir='ltr'>magistratumve</span> <span class='ocrx_word' id='word_1_73' title='bbox 1241 703 1439 754; x_wconf 88' lang='lat' dir='ltr'>capturus</span> 
     </span>
     <span class='ocr_line' id='line_1_14' title="bbox 100 760 1438 814; baseline -0.001 -12"><span class='ocrx_word' id='word_1_74' title='bbox 100 764 220 810; x_wconf 90' lang='lat' dir='ltr'>esset,</span> <span class='ocrx_word' id='word_1_75' title='bbox 251 776 304 802; x_wconf 87' lang='lat' dir='ltr'>ne</span> <span class='ocrx_word' id='word_1_76' title='bbox 336 776 419 814; x_wconf 88' lang='lat' dir='ltr'>quo</span> <span class='ocrx_word' id='word_1_77' title='bbox 449 762 501 801; x_wconf 91' lang='lat' dir='ltr'>ad</span> <span class='ocrx_word' id='word_1_78' title='bbox 527 776 684 812; x_wconf 82' lang='lat' dir='ltr'>cenam,</span> <span class='ocrx_word' id='word_1_79' title='bbox 715 761 797 801; x_wconf 88' lang='lat' dir='ltr'>nisi</span> <span class='ocrx_word' id='word_1_80' title='bbox 824 761 875 800; x_wconf 87' lang='lat' dir='ltr'>ad</span> <span class='ocrx_word' id='word_1_81' title='bbox 902 763 1034 801; x_wconf 88' lang='lat' dir='ltr'>certas</span> <span class='ocrx_word' id='word_1_82' title='bbox 1061 774 1273 813; x_wconf 76' lang='lat' dir='ltr'>personas,</span> <span class='ocrx_word' id='word_1_83' title='bbox 1305 760 1438 800; x_wconf 87' lang='lat' dir='ltr'>itaret.</span> 
     </span>
    </p>

    <p class='ocr_par' dir='ltr' id='par_1_10' title="bbox 98 818 1496 1097">
     <span class='ocr_line' id='line_1_15' title="bbox 187 818 1496 873; baseline 0.001 -13"><span class='ocrx_word' id='word_1_84' title='bbox 187 820 405 860; x_wconf 87' lang='lat' dir='ltr'>Postrema</span> <span class='ocrx_word' id='word_1_85' title='bbox 442 821 521 860; x_wconf 87' lang='lat' dir='ltr'>lex</span> <span class='ocrx_word' id='word_1_86' title='bbox 554 819 685 860; x_wconf 88' lang='lat' dir='ltr'>Iulia</span> <span class='ocrx_word' id='word_1_87' title='bbox 717 820 768 860; x_wconf 84' lang='lat' dir='ltr'>ad</span> <span class='ocrx_word' id='word_1_88' title='bbox 800 818 1005 873; x_wconf 90' lang='lat' dir='ltr'>populum</span> <span class='ocrx_word' id='word_1_89' title='bbox 1039 820 1231 872; x_wconf 85' lang='lat' dir='ltr'>pervenit</span> <span class='ocrx_word' id='word_1_90' title='bbox 1264 818 1439 859; x_wconf 76' lang='lat' dir='ltr'>Caesare</span> <span class='ocrx_word' id='word_1_91' title='bbox 1456 831 1496 861; x_wconf 72' lang='lat'>14</span> 
     </span>
     <span class='ocr_line' id='line_1_16' title="bbox 99 878 1439 934; baseline -0.001 -15"><span class='ocrx_word' id='word_1_92' title='bbox 99 878 294 934; x_wconf 82' lang='lat' dir='ltr'>Augusto</span> <span class='ocrx_word' id='word_1_93' title='bbox 333 879 584 933; x_wconf 79' lang='lat' dir='ltr'>imperante,</span> <span class='ocrx_word' id='word_1_94' title='bbox 622 893 704 931; x_wconf 89' lang='lat' dir='ltr'>qua</span> <span class='ocrx_word' id='word_1_95' title='bbox 742 878 939 932; x_wconf 86' lang='lat' dir='ltr'>profestis</span> <span class='ocrx_word' id='word_1_96' title='bbox 979 878 1147 930; x_wconf 89' lang='lat' dir='ltr'>quidem</span> <span class='ocrx_word' id='word_1_97' title='bbox 1188 878 1334 918; x_wconf 89' lang='lat' dir='ltr'>diebus</span> <span class='ocrx_word' id='word_1_98' title='bbox 1368 878 1439 917; x_wconf 79' lang='lat' dir='ltr'>‹lu-</span> 
     </span>
     <span class='ocr_line' id='line_1_17' title="bbox 99 936 1439 991; baseline -0.001 -13"><span class='ocrx_word' id='word_1_99' title='bbox 99 939 209 979; x_wconf 87' lang='lat' dir='ltr'>centi</span> <span class='ocrx_word' id='word_1_100' title='bbox 246 938 469 991; x_wconf 83' lang='lat' dir='ltr'>finiuntur,</span> <span class='ocrx_word' id='word_1_101' title='bbox 508 937 727 990; x_wconf 83' lang='lat' dir='ltr'>Kalendis,</span> <span class='ocrx_word' id='word_1_102' title='bbox 765 936 928 989; x_wconf 88' lang='lat' dir='ltr'>Idibus,</span> <span class='ocrx_word' id='word_1_103' title='bbox 965 936 1101 977; x_wconf 87' lang='lat' dir='ltr'>Nonis</span> <span class='ocrx_word' id='word_1_104' title='bbox 1140 939 1182 977; x_wconf 88' lang='lat' dir='ltr'>et</span> <span class='ocrx_word' id='word_1_105' title='bbox 1218 937 1311 977; x_wconf 85' lang='lat' dir='ltr'>aliis</span> <span class='ocrx_word' id='word_1_106' title='bbox 1350 937 1439 990; x_wconf 88' lang='lat' dir='ltr'>qui-</span> 
     </span>
     <span class='ocr_line' id='line_1_18' title="bbox 98 996 1439 1050; baseline -0.001 -13"><span class='ocrx_word' id='word_1_107' title='bbox 98 997 275 1037; x_wconf 86' lang='lat' dir='ltr'>busdam</span> <span class='ocrx_word' id='word_1_108' title='bbox 314 997 434 1037; x_wconf 84' lang='lat' dir='ltr'>festis</span> <span class='ocrx_word' id='word_1_109' title='bbox 471 997 665 1049; x_wconf 78' lang='lat' dir='ltr'>trecenti,</span> <span class='ocrx_word' id='word_1_110' title='bbox 708 997 868 1050; x_wconf 89' lang='lat' dir='ltr'>nuptiis</span> <span class='ocrx_word' id='word_1_111' title='bbox 907 999 1047 1036; x_wconf 87' lang='lat' dir='ltr'>autem</span> <span class='ocrx_word' id='word_1_112' title='bbox 1087 998 1128 1036; x_wconf 88' lang='lat' dir='ltr'>et</span> <span class='ocrx_word' id='word_1_113' title='bbox 1164 996 1339 1049; x_wconf 88' lang='lat' dir='ltr'>repotiis</span> <span class='ocrx_word' id='word_1_114' title='bbox 1379 1010 1439 1036; x_wconf 91' lang='lat' dir='ltr'>se-</span> 
     </span>
     <span class='ocr_line' id='line_1_19' title="bbox 98 1056 392 1097; baseline -0.007 0"><span class='ocrx_word' id='word_1_115' title='bbox 98 1056 234 1097; x_wconf 88' lang='lat' dir='ltr'>stertii</span> <span class='ocrx_word' id='word_1_116' title='bbox 266 1056 392 1096; x_wconf 89' lang='lat' dir='ltr'>mille.</span> 
     </span>
    </p>

    <p class='ocr_par' dir='ltr' id='par_1_11' title="bbox 97 1112 1495 1285">
     <span class='ocr_line' id='line_1_20' title="bbox 185 1112 1495 1167; baseline 0 -12"><span class='ocrx_word' id='word_1_117' title='bbox 185 1114 289 1155; x_wconf 86' lang='lat' dir='ltr'>Esse</span> <span class='ocrx_word' id='word_1_118' title='bbox 328 1115 453 1155; x_wconf 90' lang='lat' dir='ltr'>etiam</span> <span class='ocrx_word' id='word_1_119' title='bbox 493 1114 594 1154; x_wconf 85' lang='lat' dir='ltr'>dicit</span> <span class='ocrx_word' id='word_1_120' title='bbox 633 1112 812 1167; x_wconf 83' lang='lat' dir='ltr'>Capito</span> <span class='ocrx_word' id='word_1_121' title='bbox 850 1113 1025 1154; x_wconf 88' lang='lat' dir='ltr'>Ateius</span> <span class='ocrx_word' id='word_1_122' title='bbox 1057 1115 1128 1166; x_wconf 74' lang='lat' dir='ltr'>(fr.</span> <span class='ocrx_word' id='word_1_123' title='bbox 1156 1116 1181 1153; x_wconf 81' lang='lat'>6·</span> <span class='ocrx_word' id='word_1_124' title='bbox 1206 1113 1262 1154; x_wconf 87' lang='lat' dir='ltr'>H.</span> <span class='ocrx_word' id='word_1_125' title='bbox 1290 1116 1317 1153; x_wconf 77' lang='lat'>7</span> <span class='ocrx_word' id='word_1_126' title='bbox 1341 1113 1437 1159; x_wconf 80' lang='lat' dir='ltr'>Br.)</span> <span class='ocrx_word' id='word_1_127' title='bbox 1453 1125 1495 1156; x_wconf 84' lang='lat'>15</span> 
     </span>
     <span class='ocr_line' id='line_1_21' title="bbox 97 1171 1436 1227; baseline -0.001 -13"><span class='ocrx_word' id='word_1_128' title='bbox 97 1174 281 1214; x_wconf 89' lang='lat' dir='ltr'>edictum</span> <span class='ocrx_word' id='word_1_129' title='bbox 311 1198 359 1202; x_wconf 85' lang='lat'>——</span> <span class='ocrx_word' id='word_1_130' title='bbox 390 1173 528 1214; x_wconf 83' lang='lat' dir='ltr'>divine</span> <span class='ocrx_word' id='word_1_131' title='bbox 549 1171 734 1227; x_wconf 78' lang='lat' dir='ltr'>Augusti</span> <span class='ocrx_word' id='word_1_132' title='bbox 760 1188 813 1213; x_wconf 90' lang='lat' dir='ltr'>an</span> <span class='ocrx_word' id='word_1_133' title='bbox 833 1172 991 1213; x_wconf 87' lang='lat' dir='ltr'>Tiberii</span> <span class='ocrx_word' id='word_1_134' title='bbox 1012 1171 1199 1213; x_wconf 85' lang='lat' dir='ltr'>Caesaris</span> <span class='ocrx_word' id='word_1_135' title='bbox 1226 1186 1312 1212; x_wconf 90' lang='lat' dir='ltr'>non</span> <span class='ocrx_word' id='word_1_136' title='bbox 1335 1172 1436 1212; x_wconf 86' lang='lat' dir='ltr'>satis</span> 
     </span>
     <span class='ocr_line' id='line_1_22' title="bbox 98 1231 1438 1285; baseline -0.001 -12"><span class='ocrx_word' id='word_1_137' title='bbox 98 1232 367 1273; x_wconf 81' lang='lat' dir='ltr'>commemini</span> <span class='ocrx_word' id='word_1_138' title='bbox 387 1257 455 1285; x_wconf 77' lang='lat'>—,</span> <span class='ocrx_word' id='word_1_139' title='bbox 476 1246 560 1285; x_wconf 87' lang='lat' dir='ltr'>quo</span> <span class='ocrx_word' id='word_1_140' title='bbox 587 1233 722 1273; x_wconf 87' lang='lat' dir='ltr'>edicto</span> <span class='ocrx_word' id='word_1_141' title='bbox 750 1247 825 1285; x_wconf 86' lang='lat' dir='ltr'>per</span> <span class='ocrx_word' id='word_1_142' title='bbox 844 1232 1005 1272; x_wconf 81' lang='lat' dir='ltr'>dierum</span> <span class='ocrx_word' id='word_1_143' title='bbox 1025 1232 1160 1272; x_wconf 84' lang='lat' dir='ltr'>varias</span> <span class='ocrx_word' id='word_1_144' title='bbox 1182 1231 1438 1272; x_wconf 85' lang='lat' dir='ltr'>sollemnita-</span> 
     </span>
    </p>
   </div>
   <div class='ocr_carea' id='block_1_9' title="bbox 44 1291 1437 1344">
    <p class='ocr_par' dir='ltr' id='par_1_12' title="bbox 44 1291 1437 1344">
     <span class='ocr_line' id='line_1_23' title="bbox 44 1291 1437 1344; baseline -0.001 -12"><span class='ocrx_word' id='word_1_145' title='bbox 44 1311 58 1324; x_wconf 67' lang='grc' dir='ltr'>ο</span> <span class='ocrx_word' id='word_1_146' title='bbox 96 1294 159 1333; x_wconf 90' lang='lat' dir='ltr'>tes</span> <span class='ocrx_word' id='word_1_147' title='bbox 191 1306 214 1332; x_wconf 86' lang='lat' dir='ltr'>a</span> <span class='ocrx_word' id='word_1_148' title='bbox 245 1292 442 1332; x_wconf 77' lang='lat' dir='ltr'>trecentis</span> <span class='ocrx_word' id='word_1_149' title='bbox 473 1291 675 1332; x_wconf 86' lang='lat' dir='ltr'>sestertiis</span> <span class='ocrx_word' id='word_1_150' title='bbox 703 1291 889 1344; x_wconf 86' lang='lat' dir='ltr'>adusque</span> <span class='ocrx_word' id='word_1_151' title='bbox 917 1291 998 1331; x_wconf 87' lang='lat' dir='ltr'>duo</span> <span class='ocrx_word' id='word_1_152' title='bbox 1027 1291 1217 1331; x_wconf 87' lang='lat' dir='ltr'>sestertia</span> <span class='ocrx_word' id='word_1_153' title='bbox 1244 1292 1437 1343; x_wconf 88' lang='lat' dir='ltr'>sumptus</span> 
     </span>
    </p>
   </div>
   <div class='ocr_carea' id='block_1_10' title="bbox 97 1349 1438 1450">
    <p class='ocr_par' dir='ltr' id='par_1_13' title="bbox 97 1349 1438 1450">
     <span class='ocr_line' id='line_1_24' title="bbox 97 1349 1438 1405; baseline -0.001 -14"><span class='ocrx_word' id='word_1_154' title='bbox 97 1365 294 1391; x_wconf 87' lang='lat' dir='ltr'>cenarum</span> <span class='ocrx_word' id='word_1_155' title='bbox 325 1352 585 1405; x_wconf 79' lang='lat' dir='ltr'>propagatus</span> <span class='ocrx_word' id='word_1_156' title='bbox 617 1352 692 1402; x_wconf 87' lang='lat' dir='ltr'>est,</span> <span class='ocrx_word' id='word_1_157' title='bbox 723 1352 771 1390; x_wconf 88' lang='lat' dir='ltr'>ut</span> <span class='ocrx_word' id='word_1_158' title='bbox 798 1349 863 1390; x_wconf 87' lang='lat' dir='ltr'>his</span> <span class='ocrx_word' id='word_1_159' title='bbox 891 1350 1038 1390; x_wconf 90' lang='lat' dir='ltr'>saltem</span> <span class='ocrx_word' id='word_1_160' title='bbox 1064 1349 1220 1390; x_wconf 81' lang='lat' dir='ltr'>finibus</span> <span class='ocrx_word' id='word_1_161' title='bbox 1246 1349 1438 1390; x_wconf 84' lang='lat' dir='ltr'>luxuriae</span> 
     </span>
     <span class='ocr_line' id='line_1_25' title="bbox 97 1409 880 1450; baseline -0.001 0"><span class='ocrx_word' id='word_1_162' title='bbox 97 1409 404 1450; x_wconf 84' lang='lat' dir='ltr'>effervescentis</span> <span class='ocrx_word' id='word_1_163' title='bbox 436 1412 576 1450; x_wconf 87' lang='lat' dir='ltr'>aestus</span> <span class='ocrx_word' id='word_1_164' title='bbox 609 1411 880 1450; x_wconf 84' lang='lat' dir='ltr'>coerceretur.</span> 
     </span>
    </p>
   </div>
   <div class='ocr_carea' id='block_1_11' title="bbox 98 1526 1274 1652">
    <p class='ocr_par' dir='ltr' id='par_1_14' title="bbox 98 1526 1274 1652">
     <span class='ocr_line' id='line_1_26' title="bbox 705 1526 826 1566; baseline 0 0"><span class='ocrx_word' id='word_1_165' title='bbox 705 1526 826 1566; x_wconf 72' lang='lat' dir='ltr'>XXV</span> 
     </span>
     <span class='ocr_line' id='line_1_27' title="bbox 98 1604 1274 1652; baseline -0.002 -11"><span class='ocrx_word' id='word_1_166' title='bbox 98 1607 194 1648; x_wconf 82' lang='lat' dir='ltr'>Quid</span> <span class='ocrx_word' id='word_1_167' title='bbox 220 1606 350 1641; x_wconf 83' lang='lat' dir='ltr'>Graeci</span> <span class='ocrx_word' id='word_1_168' title='bbox 376 1605 596 1652; x_wconf 76' lang='grc' dir='ltr'><em>ἀναλογίαν,</em></span> <span class='ocrx_word' id='word_1_169' title='bbox 624 1607 713 1651; x_wconf 82' lang='lat' dir='ltr'>quid</span> <span class='ocrx_word' id='word_1_170' title='bbox 741 1608 869 1640; x_wconf 86' lang='lat' dir='ltr'>contra</span> <span class='ocrx_word' id='word_1_171' title='bbox 894 1604 1110 1650; x_wconf 76' lang='grc' dir='ltr'><em>ἀνωμαλίαν</em></span> <span class='ocrx_word' id='word_1_172' title='bbox 1134 1608 1274 1640; x_wconf 81' lang='lat' dir='ltr'>vocent.</span> 
     </span>
    </p>
   </div>
   <div class='ocr_carea' id='block_1_12' title="bbox 96 1689 1435 1804">
    <p class='ocr_par' dir='ltr' id='par_1_15' title="bbox 96 1689 1435 1804">
     <span class='ocr_line' id='line_1_28' title="bbox 184 1689 1434 1744; baseline -0.001 -13"><span class='ocrx_word' id='word_1_173' title='bbox 184 1690 234 1731; x_wconf 86' lang='lat' dir='ltr'>In</span> <span class='ocrx_word' id='word_1_174' title='bbox 258 1691 409 1732; x_wconf 86' lang='lat' dir='ltr'>Latino</span> <span class='ocrx_word' id='word_1_175' title='bbox 442 1705 645 1744; x_wconf 89' lang='lat' dir='ltr'>sermone,</span> <span class='ocrx_word' id='word_1_176' title='bbox 677 1691 786 1731; x_wconf 88' lang='lat' dir='ltr'>sicut</span> <span class='ocrx_word' id='word_1_177' title='bbox 811 1691 854 1731; x_wconf 90' lang='lat' dir='ltr'>in</span> <span class='ocrx_word' id='word_1_178' title='bbox 888 1689 1060 1743; x_wconf 79' lang='lat' dir='ltr'>Graeco,</span> <span class='ocrx_word' id='word_1_179' title='bbox 1091 1691 1163 1730; x_wconf 91' lang='lat' dir='ltr'>alii</span> <span class='ocrx_word' id='word_1_180' title='bbox 1195 1689 1434 1742; x_wconf 77' lang='grc' dir='ltr'><em>ἀναλογίαν</em></span> 
     </span>
     <span class='ocr_line' id='line_1_29' title="bbox 96 1747 1435 1804; baseline -0.001 -14"><span class='ocrx_word' id='word_1_181' title='bbox 96 1751 351 1803; x_wconf 89' lang='lat' dir='ltr'>sequendam</span> <span class='ocrx_word' id='word_1_182' title='bbox 406 1753 679 1804; x_wconf 85' lang='lat' dir='ltr'>putaverunt,</span> <span class='ocrx_word' id='word_1_183' title='bbox 734 1750 805 1790; x_wconf 88' lang='lat' dir='ltr'>alii</span> <span class='ocrx_word' id='word_1_184' title='bbox 861 1749 1124 1803; x_wconf 76' lang='grc' dir='ltr'><em>ἀνωμαλίαν.</em></span> <span class='ocrx_word' id='word_1_185' title='bbox 1207 1747 1435 1801; x_wconf 76' lang='grc' dir='ltr'>Ἀναλογία</span> 
     </span>
    </p>
   </div>
   <div class='ocr_carea' id='block_1_13' title="bbox 96 1864 1434 2097">
    <p class='ocr_par' dir='ltr' id='par_1_16' title="bbox 96 1864 1434 2087">
     <span class='ocr_line' id='line_1_30' title="bbox 191 1864 1433 1909; baseline -0.002 -10"><span class='ocrx_word' id='word_1_186' title='bbox 191 1869 233 1899; x_wconf 69' lang='grc'>26</span> <span class='ocrx_word' id='word_1_187' title='bbox 252 1877 329 1909; x_wconf 86' lang='lat' dir='ltr'>sqq.</span> <span class='ocrx_word' id='word_1_188' title='bbox 362 1865 428 1899; x_wconf 86' lang='lat' dir='ltr'>XV</span> <span class='ocrx_word' id='word_1_189' title='bbox 449 1868 480 1907; x_wconf 83' lang='lat'>9,</span> <span class='ocrx_word' id='word_1_190' title='bbox 502 1869 521 1898; x_wconf 79' lang='lat'>4</span> <span class='ocrx_word' id='word_1_191' title='bbox 547 1865 663 1899; x_wconf 85' lang='lat' dir='ltr'>Varro</span> <span class='ocrx_word' id='word_1_192' title='bbox 683 1864 706 1898; x_wconf 93' lang='lat' dir='ltr'>l.</span> <span class='ocrx_word' id='word_1_193' title='bbox 728 1864 750 1898; x_wconf 86' lang='lat' dir='ltr'>l.</span> <span class='ocrx_word' id='word_1_194' title='bbox 772 1864 856 1898; x_wconf 80' lang='lat' dir='ltr'>Vm</span> <span class='ocrx_word' id='word_1_195' title='bbox 876 1868 907 1907; x_wconf 89' lang='lat'>9,</span> <span class='ocrx_word' id='word_1_196' title='bbox 929 1868 989 1906; x_wconf 80' lang='lat'>233</span> <span class='ocrx_word' id='word_1_197' title='bbox 1010 1868 1065 1907; x_wconf 82' lang='lat'>38,</span> <span class='ocrx_word' id='word_1_198' title='bbox 1087 1867 1130 1898; x_wconf 85' lang='grc'>67</span> <span class='ocrx_word' id='word_1_199' title='bbox 1156 1864 1188 1897; x_wconf 82' lang='lat' dir='ltr'>X</span> <span class='ocrx_word' id='word_1_200' title='bbox 1210 1868 1239 1907; x_wconf 81' lang='lat'>1,</span> <span class='ocrx_word' id='word_1_201' title='bbox 1261 1868 1298 1905; x_wconf 77' lang='lat'>23</span> <span class='ocrx_word' id='word_1_202' title='bbox 1321 1868 1352 1907; x_wconf 89' lang='lat'>3,</span> <span class='ocrx_word' id='word_1_203' title='bbox 1373 1868 1433 1906; x_wconf 77' lang='lat'>373</span> 
     </span>
     <span class='ocr_line' id='line_1_31' title="bbox 96 1910 1434 1957; baseline -0.001 -11"><span class='ocrx_word' id='word_1_204' title='bbox 96 1916 128 1955; x_wconf 87' lang='lat'>4,</span> <span class='ocrx_word' id='word_1_205' title='bbox 157 1916 199 1946; x_wconf 84' lang='lat'>74</span> <span class='ocrx_word' id='word_1_206' title='bbox 220 1924 297 1957; x_wconf 86' lang='lat' dir='ltr'>sqq.</span> <span class='ocrx_word' id='word_1_207' title='bbox 332 1911 402 1946; x_wconf 89' lang='lat' dir='ltr'>Cic.</span> <span class='ocrx_word' id='word_1_208' title='bbox 430 1911 521 1946; x_wconf 78' lang='lat' dir='ltr'>Tim.</span> <span class='ocrx_word' id='word_1_209' title='bbox 543 1916 564 1945; x_wconf 90' lang='lat'>4</span> <span class='ocrx_word' id='word_1_210' title='bbox 598 1912 719 1953; x_wconf 78' lang='lat' dir='ltr'>Quint.</span> <span class='ocrx_word' id='word_1_211' title='bbox 740 1912 756 1945; x_wconf 89' lang='lat' dir='ltr'>I</span> <span class='ocrx_word' id='word_1_212' title='bbox 777 1915 808 1954; x_wconf 83' lang='lat'>6,</span> <span class='ocrx_word' id='word_1_213' title='bbox 829 1916 848 1945; x_wconf 90' lang='lat'><strong>3</strong></span> <span class='ocrx_word' id='word_1_214' title='bbox 881 1912 988 1945; x_wconf 81' lang='lat' dir='ltr'>Mart.</span> <span class='ocrx_word' id='word_1_215' title='bbox 1011 1910 1097 1955; x_wconf 83' lang='lat' dir='ltr'>Cap.</span> <span class='ocrx_word' id='word_1_216' title='bbox 1118 1911 1167 1945; x_wconf 82' lang='lat' dir='ltr'>H]</span> <span class='ocrx_word' id='word_1_217' title='bbox 1188 1914 1253 1944; x_wconf 72' lang='lat'>289</span> <span class='ocrx_word' id='word_1_218' title='bbox 1280 1911 1347 1945; x_wconf 84' lang='lat' dir='ltr'>VH</span> <span class='ocrx_word' id='word_1_219' title='bbox 1369 1915 1434 1945; x_wconf 76' lang='lat'>794</span> 
     </span>
     <span class='ocr_line' id='line_1_32' title="bbox 97 1958 1433 2002; baseline -0.001 -9"><span class='ocrx_word' id='word_1_220' title='bbox 97 1959 219 1993; x_wconf 81' lang='lat' dir='ltr'>GLKI</span> <span class='ocrx_word' id='word_1_221' title='bbox 234 1963 312 2001; x_wconf 86' lang='lat'>116,</span> <span class='ocrx_word' id='word_1_222' title='bbox 328 1963 388 2001; x_wconf 80' lang='grc' dir='ltr'>3ο,</span> <span class='ocrx_word' id='word_1_223' title='bbox 409 1962 488 2001; x_wconf 72' lang='grc'>331,</span> <span class='ocrx_word' id='word_1_224' title='bbox 504 1963 563 2002; x_wconf 89' lang='grc'>15,</span> <span class='ocrx_word' id='word_1_225' title='bbox 585 1962 664 2001; x_wconf 87' lang='lat'>456,</span> <span class='ocrx_word' id='word_1_226' title='bbox 680 1963 698 1991; x_wconf 96' lang='lat'>5</span> <span class='ocrx_word' id='word_1_227' title='bbox 719 1959 769 1992; x_wconf 80' lang='lat' dir='ltr'>IV</span> <span class='ocrx_word' id='word_1_228' title='bbox 783 1963 838 2001; x_wconf 82' lang='lat'>47,</span> <span class='ocrx_word' id='word_1_229' title='bbox 854 1962 913 2001; x_wconf 87' lang='grc'>22,</span> <span class='ocrx_word' id='word_1_230' title='bbox 932 1962 1011 2001; x_wconf 78' lang='grc'>435,</span> <span class='ocrx_word' id='word_1_231' title='bbox 1028 1962 1070 1992; x_wconf 84' lang='grc'>15</span> <span class='ocrx_word' id='word_1_232' title='bbox 1090 1958 1122 1992; x_wconf 86' lang='lat' dir='ltr'><strong>V</strong></span> <span class='ocrx_word' id='word_1_233' title='bbox 1136 1962 1268 2001; x_wconf 78' lang='grc'>47,13,</span> <span class='ocrx_word' id='word_1_234' title='bbox 1291 1962 1355 1992; x_wconf 85' lang='grc'>197</span> <span class='ocrx_word' id='word_1_235' title='bbox 1373 1962 1433 2001; x_wconf 88' lang='grc'>22,</span> 
     </span>
     <span class='ocr_line' id='line_1_33' title="bbox 97 2005 1433 2049; baseline -0.001 -9"><span class='ocrx_word' id='word_1_236' title='bbox 97 2010 175 2049; x_wconf 87' lang='grc'>353,</span> <span class='ocrx_word' id='word_1_237' title='bbox 198 2010 257 2048; x_wconf 80' lang='grc'>19,</span> <span class='ocrx_word' id='word_1_238' title='bbox 281 2010 358 2048; x_wconf 79' lang='grc'>539,</span> <span class='ocrx_word' id='word_1_239' title='bbox 380 2010 422 2040; x_wconf 92' lang='grc'>22</span> <span class='ocrx_word' id='word_1_240' title='bbox 447 2006 497 2039; x_wconf 77' lang='lat' dir='ltr'>V1</span> <span class='ocrx_word' id='word_1_241' title='bbox 516 2010 595 2048; x_wconf 87' lang='lat'>275,</span> <span class='ocrx_word' id='word_1_242' title='bbox 617 2009 659 2039; x_wconf 82' lang='lat'>16</span> <span class='ocrx_word' id='word_1_243' title='bbox 680 2005 746 2039; x_wconf 78' lang='lat' dir='ltr'>VH</span> <span class='ocrx_word' id='word_1_244' title='bbox 762 2010 815 2048; x_wconf 84' lang='lat'>12,</span> <span class='ocrx_word' id='word_1_245' title='bbox 832 2010 849 2039; x_wconf 89' lang='lat'>7</span> <span class='ocrx_word' id='word_1_246' title='bbox 869 2006 1055 2048; x_wconf 80' lang='lat' dir='ltr'>1sid.127,</span> <span class='ocrx_word' id='word_1_247' title='bbox 1071 2010 1088 2039; x_wconf 94' lang='lat'>1</span> <span class='ocrx_word' id='word_1_248' title='bbox 1111 2005 1199 2040; x_wconf 84' lang='lat' dir='ltr'>CGL</span> <span class='ocrx_word' id='word_1_249' title='bbox 1219 2006 1253 2040; x_wconf 84' lang='grc' dir='ltr'>Π</span> <span class='ocrx_word' id='word_1_250' title='bbox 1274 2009 1351 2049; x_wconf 85' lang='grc'>162,</span> <span class='ocrx_word' id='word_1_251' title='bbox 1374 2009 1433 2048; x_wconf 75' lang='grc'>13,</span> 
     </span>
     <span class='ocr_line' id='line_1_34' title="bbox 96 2053 1136 2097; baseline -0.001 -10"><span class='ocrx_word' id='word_1_252' title='bbox 96 2057 175 2097; x_wconf 85' lang='grc'>339,</span> <span class='ocrx_word' id='word_1_253' title='bbox 196 2058 239 2087; x_wconf 77' lang='grc'>35</span> <span class='ocrx_word' id='word_1_254' title='bbox 265 2054 315 2087; x_wconf 73' lang='grc' dir='ltr'>ΠΙ</span> <span class='ocrx_word' id='word_1_255' title='bbox 335 2057 495 2096; x_wconf 76' lang='grc'>207,14·</span> <span class='ocrx_word' id='word_1_256' title='bbox 518 2055 596 2095; x_wconf 82' lang='lat'>509,</span> <span class='ocrx_word' id='word_1_257' title='bbox 618 2057 661 2086; x_wconf 81' lang='lat'>54</span> <span class='ocrx_word' id='word_1_258' title='bbox 686 2053 737 2086; x_wconf 80' lang='lat' dir='ltr'>IV</span> <span class='ocrx_word' id='word_1_259' title='bbox 757 2056 811 2096; x_wconf 78' lang='lat'>18,</span> <span class='ocrx_word' id='word_1_260' title='bbox 833 2056 894 2095; x_wconf 80' lang='grc'>37·</span> <span class='ocrx_word' id='word_1_261' title='bbox 914 2057 957 2086; x_wconf 79' lang='grc'>45</span> <span class='ocrx_word' id='word_1_262' title='bbox 984 2053 1051 2086; x_wconf 72' lang='lat' dir='ltr'>VH</span> <span class='ocrx_word' id='word_1_263' title='bbox 1071 2056 1136 2086; x_wconf 83' lang='grc'>146</span> 
     </span>
    </p>
   </div>
   <div class='ocr_carea' id='block_1_14' title="bbox 95 2158 1432 2346">
    <p class='ocr_par' dir='ltr' id='par_1_17' title="bbox 95 2158 1432 2346">
     <span class='ocr_line' id='line_1_35' title="bbox 190 2158 1432 2205; baseline -0.001 -12"><span class='ocrx_word' id='word_1_264' title='bbox 190 2163 209 2192; x_wconf 92' lang='grc'>3</span> <span class='ocrx_word' id='word_1_265' title='bbox 224 2159 383 2193; x_wconf 83' lang='lat' dir='ltr'>tricenos</span> <span class='ocrx_word' id='word_1_266' title='bbox 398 2173 424 2193; x_wconf 89' lang='grc' dir='ltr'><em>ω</em></span> <span class='ocrx_word' id='word_1_267' title='bbox 438 2170 526 2193; x_wconf 67' lang='lat' dir='ltr'>corr.</span> <span class='ocrx_word' id='word_1_268' title='bbox 539 2158 789 2203; x_wconf 57' lang='lat' dir='ltr'>Hotomanus]</span> <span class='ocrx_word' id='word_1_269' title='bbox 801 2162 820 2193; x_wconf 87' lang='lat'>5</span> <span class='ocrx_word' id='word_1_270' title='bbox 835 2160 958 2192; x_wconf 84' lang='lat' dir='ltr'>ternos</span> <span class='ocrx_word' id='word_1_271' title='bbox 971 2170 990 2193; x_wconf 92' lang='grc' dir='ltr'>σ</span> <span class='ocrx_word' id='word_1_272' title='bbox 1007 2159 1039 2198; x_wconf 81' lang='grc'><strong>9</strong></span> <span class='ocrx_word' id='word_1_273' title='bbox 1056 2159 1164 2192; x_wconf 88' lang='lat' dir='ltr'>ancia</span> <span class='ocrx_word' id='word_1_274' title='bbox 1176 2172 1202 2192; x_wconf 90' lang='grc' dir='ltr'><em>ω</em></span> <span class='ocrx_word' id='word_1_275' title='bbox 1214 2158 1224 2205; x_wconf 68' lang='lat'>¹]</span> <span class='ocrx_word' id='word_1_276' title='bbox 1237 2163 1278 2192; x_wconf 84' lang='lat'>12</span> <span class='ocrx_word' id='word_1_277' title='bbox 1290 2160 1432 2203; x_wconf 86' lang='lat' dir='ltr'>postre-</span> 
     </span>
     <span class='ocr_line' id='line_1_36' title="bbox 95 2190 1431 2251; baseline -0.001 -11"><span class='ocrx_word' id='word_1_278' title='bbox 95 2217 154 2240; x_wconf 88' lang='lat' dir='ltr'>mo</span> <span class='ocrx_word' id='word_1_279' title='bbox 173 2210 202 2240; x_wconf 86' lang='lat' dir='ltr'>V</span> <span class='ocrx_word' id='word_1_280' title='bbox 221 2209 231 2251; x_wconf 78' lang='grc' dir='ltr'>ΙΙ</span> <span class='ocrx_word' id='word_1_281' title='bbox 253 2211 295 2240; x_wconf 87' lang='grc'>15</span> <span class='ocrx_word' id='word_1_282' title='bbox 319 2207 456 2251; x_wconf 80' lang='lat' dir='ltr'>repotii</span> <span class='ocrx_word' id='word_1_283' title='bbox 476 2208 503 2250; x_wconf 89' lang='lat'>(-</span> <span class='ocrx_word' id='word_1_284' title='bbox 489 2207 547 2240; x_wconf 88' lang='lat' dir='ltr'>-tu</span> <span class='ocrx_word' id='word_1_285' title='bbox 565 2208 607 2250; x_wconf 82' lang='lat' dir='ltr'>V)</span> <span class='ocrx_word' id='word_1_286' title='bbox 627 2209 689 2239; x_wconf 79' lang='lat' dir='ltr'>Pv</span> <span class='ocrx_word' id='word_1_287' title='bbox 713 2206 818 2250; x_wconf 85' lang='lat' dir='ltr'>repni</span> <span class='ocrx_word' id='word_1_288' title='bbox 838 2209 868 2239; x_wconf 78' lang='lat' dir='ltr'>R</span> <span class='ocrx_word' id='word_1_289' title='bbox 886 2207 897 2249; x_wconf 80' lang='grc' dir='ltr'>ΙῘ</span> <span class='ocrx_word' id='word_1_290' title='bbox 919 2209 961 2240; x_wconf 85' lang='grc'>16</span> <span class='ocrx_word' id='word_1_291' title='bbox 986 2190 1106 2240; x_wconf 80' lang='lat' dir='ltr'>milies</span> <span class='ocrx_word' id='word_1_292' title='bbox 1127 2216 1214 2240; x_wconf 87' lang='lat' dir='ltr'>esse.</span> <span class='ocrx_word' id='word_1_293' title='bbox 1259 2205 1384 2240; x_wconf 85' lang='lat' dir='ltr'>Etiam</span> <span class='ocrx_word' id='word_1_294' title='bbox 1405 2219 1431 2239; x_wconf 86' lang='grc' dir='ltr'><strong>ω</strong></span> 
     </span>
     <span class='ocr_line' id='line_1_37' title="bbox 97 2252 1429 2298; baseline -0.002 -10"><span class='ocrx_word' id='word_1_295' title='bbox 97 2265 187 2288; x_wconf 49' lang='lat' dir='ltr'>emur</span> <span class='ocrx_word' id='word_1_296' title='bbox 209 2254 385 2288; x_wconf 77' lang='lat' dir='ltr'>Budaeus</span> <span class='ocrx_word' id='word_1_297' title='bbox 402 2255 413 2297; x_wconf 85' lang='grc' dir='ltr'>ΙΙ</span> <span class='ocrx_word' id='word_1_298' title='bbox 434 2256 478 2287; x_wconf 85' lang='grc'>18</span> <span class='ocrx_word' id='word_1_299' title='bbox 509 2253 636 2287; x_wconf 86' lang='lat' dir='ltr'>diuine</span> <span class='ocrx_word' id='word_1_300' title='bbox 660 2253 835 2298; x_wconf 83' lang='lat' dir='ltr'>Augusti]</span> <span class='ocrx_word' id='word_1_301' title='bbox 863 2264 883 2290; x_wconf 89' lang='grc' dir='ltr'><strong>ς</strong></span> <span class='ocrx_word' id='word_1_302' title='bbox 910 2253 1035 2287; x_wconf 82' lang='lat' dir='ltr'>diuine</span> <span class='ocrx_word' id='word_1_303' title='bbox 1059 2264 1124 2287; x_wconf 80' lang='lat' dir='ltr'>rue</span> <span class='ocrx_word' id='word_1_304' title='bbox 1151 2254 1227 2298; x_wconf 71' lang='lat' dir='ltr'>(rue</span> <span class='ocrx_word' id='word_1_305' title='bbox 1253 2255 1295 2297; x_wconf 82' lang='lat' dir='ltr'>V)</span> <span class='ocrx_word' id='word_1_306' title='bbox 1320 2252 1429 2287; x_wconf 70' lang='lat' dir='ltr'>AVs.</span> 
     </span>
     <span class='ocr_line' id='line_1_38' title="bbox 97 2299 1430 2346; baseline -0.001 -12"><span class='ocrx_word' id='word_1_307' title='bbox 97 2302 188 2345; x_wconf 85' lang='lat' dir='ltr'>(aue.</span> <span class='ocrx_word' id='word_1_308' title='bbox 203 2303 245 2345; x_wconf 79' lang='lat' dir='ltr'>R)</span> <span class='ocrx_word' id='word_1_309' title='bbox 266 2314 292 2334; x_wconf 92' lang='grc' dir='ltr'><em>ω</em></span> <span class='ocrx_word' id='word_1_310' title='bbox 313 2301 439 2334; x_wconf 85' lang='lat' dir='ltr'>diuine</span> <span class='ocrx_word' id='word_1_311' title='bbox 458 2310 569 2334; x_wconf 84' lang='lat' dir='ltr'>neme</span> <span class='ocrx_word' id='word_1_312' title='bbox 590 2300 738 2344; x_wconf 78' lang='lat' dir='ltr'>augusti</span> <span class='ocrx_word' id='word_1_313' title='bbox 759 2311 780 2337; x_wconf 87' lang='grc' dir='ltr'><strong><em>ς</em></strong></span> <span class='ocrx_word' id='word_1_314' title='bbox 801 2300 870 2334; x_wconf 81' lang='lat' dir='ltr'>div.</span> <span class='ocrx_word' id='word_1_315' title='bbox 892 2311 975 2334; x_wconf 84' lang='lat' dir='ltr'>vero</span> <span class='ocrx_word' id='word_1_316' title='bbox 989 2299 1130 2346; x_wconf 72' lang='lat' dir='ltr'>Sk.1120</span> <span class='ocrx_word' id='word_1_317' title='bbox 1157 2300 1342 2345; x_wconf 84' lang='lat' dir='ltr'>sestertia]</span> <span class='ocrx_word' id='word_1_318' title='bbox 1356 2299 1390 2332; x_wconf 88' lang='lat' dir='ltr'>ff</span> <span class='ocrx_word' id='word_1_319' title='bbox 1404 2313 1430 2333; x_wconf 88' lang='grc' dir='ltr'>ω</span> 
     </span>
    </p>
   </div>
   <div class='ocr_carea' id='block_1_15' title="bbox 1172 2357 1218 2392">
    <p class='ocr_par' dir='ltr' id='par_1_18' title="bbox 1172 2357 1218 2392">
     <span class='ocr_line' id='line_1_39' title="bbox 1172 2357 1218 2392; baseline 0 -16"><span class='ocrx_word' id='word_1_320' title='bbox 1172 2357 1218 2392; x_wconf 75' lang='grc'>9*</span> 
     </span>
    </p>
   </div>
  </div>
 </body>
</html>
