1602 2484
704 43 830 87 1132
1384 43 1435 82 41

97 153 329 193 naturalem
366 151 650 191 membrorum
683 151 871 191 omnium
907 151 1015 190 inter
1047 165 1089 191 se
1116 151 1441 203 competentiam

97 211 364 251 modificatus
397 213 460 251 est
491 213 617 262 atque
651 210 709 250 ita
742 210 782 250 id
817 210 1000 264 collegit,
1036 209 1148 262 quod
1182 212 1270 249 erat
1303 223 1443 249 conse-

96 283 240 322 quens,
266 272 384 309 tanto
411 269 540 309 fuisse
561 267 784 309 Herculem
815 282 990 321 corpore
1017 268 1288 308 excelsiorem
1318 282 1440 320 quam

95 328 219 381 alios,
252 330 410 381 quanto
444 326 712 381 Olympicum
750 328 929 367 stadium
965 327 1112 367 ceteris
1146 327 1235 380 pari
1269 340 1444 367 numero

60 404 74 429 5
95 386 218 427 factis
250 386 440 427 anteiret.

750 466 789 507 ll

94 548 150 582 Al,
190 548 335 582 Herode
368 548 493 582 Attico
529 547 563 581 C.
592 547 633 580 V.
667 548 885 591 nmpcstivc
926 548 1145 591 deprompta
1183 548 1217 580 in
1259 548 1443 590 quendam

143 595 343 629 iactantem
378 596 415 628 et
446 593 646 638 gloriosum
679 594 972 636 adulescentem,
1006 595 1127 638 specie
1154 596 1298 627 tantum
1326 594 1443 639 111110-

143 642 295 685 sophiae
329 643 568 682 sectatonm,
602 641 712 675 verba
742 641 901 685 Epicteti
932 641 1063 683 Stoici,
1097 641 1231 684 quitus
1264 641 1446 675 festiviter

41 699 74 724 10
143 699 163 721 a
196 700 280 723 vero
309 688 431 722 Stoico
459 688 621 722 seiunxit
646 688 776 731 volgus
803 688 1014 731 loquacium
1041 688 1283 727 nebulonum,
1317 688 1378 731 qui
1407 698 1444 721 sc

143 735 284 769 Stoicos
311 737 578 779 nuncuparent.

183 819 407 860 Herodes
434 819 656 872 Atticus,
688 821 753 860 vir
785 823 826 860 et
860 818 1015 860 Graeca
1048 819 1243 860 facundia
1277 822 1318 859 et
1348 832 1476 861 con-1

93 879 221 918 sulari
268 878 429 919 honore
474 879 706 932 praeditus,
751 878 991 919 accersebat
1036 892 1176 931 saepe,
1226 892 1303 918 nos
1348 891 1439 917 cum

92 937 203 990 apud
254 938 480 991 magistros
526 936 705 978 Athenis
757 951 959 990 essemus7
1010 937 1052 976 in
1100 937 1222 977 villas
1268 937 1303 976 ei
1348 936 1443 976 urbi

39 1012 71 1038 15
92 995 308 1049 proximas
334 1010 401 1036 me
429 998 470 1036 et
497 996 774 1036 clarissimum
804 997 940 1036 virum
964 994 1302 1036 Servilia-num
1333 1008 1443 1035 com-

92 1054 319 1107 pluresque
358 1055 463 1095 alios
502 1058 730 1107 nostrates,
770 1055 841 1107 qui
881 1053 1017 1095 Roma
1056 1054 1101 1094 in
1133 1052 1349 1094 Graeciam
1392 1054 1443 1093 ad

92 1113 342 1166 capiendum
394 1113 552 1167 ingenii
605 1114 764 1153 cultum
817 1116 1119 1153 concesserant.
1194 1112 1336 1165 Atque
1384 1112 1478 1154 ibi2

92 1174 211 1224 tuuc,
244 1185 338 1211 cum
374 1186 559 1212 essemus
592 1172 705 1226 apud
737 1186 832 1212 eum
866 1173 910 1212 in
943 1172 1060 1224 villa,
1094 1171 1160 1211 cui
1193 1185 1348 1211 nomen
1381 1174 1443 1211 est

93 1228 303 1283 Cephisia,
330 1233 371 1270 et
397 1233 514 1270 aestu
541 1231 641 1270 anni
668 1233 709 1271 et
730 1231 864 1271 sidere
885 1230 1078 1271 autumni
1101 1230 1443 1284 flagrantissimo,

39 1306 72 1331 20
91 1289 446 1342 propulsabamus
485 1289 753 1329 incommoda
792 1289 943 1330 caloris
975 1289 1168 1329 lucorum
1200 1288 1350 1329 umbra
1383 1289 1443 1328 in-

92 1347 296 1401 gentium,
329 1347 469 1402 longis
502 1347 756 1388 ambulacris
790 1351 830 1388 et
860 1347 1073 1400 mollibus,
1106 1347 1272 1387 aedium
1299 1347 1441 1400 positu

89 1405 370 1460 refrigeranti,
402 1407 581 1446 lavacris
613 1406 760 1446 nitidis
794 1410 833 1447 et
860 1406 1039 1446 abundis
1067 1409 1107 1446 et
1134 1405 1442 1446 collucentibus

90 1464 308 1517 totiusque
341 1465 466 1505 villae
498 1467 718 1506 venustate
751 1465 872 1518 aquis
905 1465 1092 1517 undique
1125 1464 1289 1505 canoris
1315 1467 1442 1517 atque

91 1522 240 1563 avibus
273 1525 537 1576 personante.

36 1598 68 1623 25
179 1580 284 1622 Erat
327 1581 484 1622 ibidem
528 1581 751 1622 nobiscum
797 1582 924 1622 simul
968 1582 1213 1622 adulescens
1255 1580 1477 1634 philoso-3

90 1639 215 1693 phiae
249 1642 440 1694 sectator,
474 1640 733 1694 disciplinae,
765 1643 812 1681 ut
842 1641 931 1694 ipse
959 1640 1136 1692 dicebat,
1169 1640 1337 1691 stoicae,
1371 1639 1441 1680 sed

89 1699 310 1751 loquacior
335 1698 535 1752 inpendio
563 1701 603 1739 et
630 1699 879 1752 promptior.
933 1697 972 1738 Is
999 1699 1249 1751 plerumque
1275 1698 1319 1738 in
1345 1710 1476 1739 con-4

89 1756 204 1797 vivio
239 1757 515 1810 sermonibus,
549 1758 621 1809 qui
654 1760 751 1810 post
781 1758 926 1810 epulas
952 1757 1099 1797 haberi
1127 1757 1275 1809 solent,
1306 1757 1440 1796 multa

90 1817 217 1868 atque
244 1815 456 1856 inmodica
473 1816 579 1866 <de>
602 1815 900 1869 philosophiae
922 1815 1124 1856 doctrinis
1145 1815 1440 1868 intempestive

36 1891 71 1915 30
90 1875 217 1926 atque
255 1873 449 1914 insubide
489 1873 719 1914 disserebat
751 1888 935 1928 praeque
969 1888 1010 1914 se
1042 1888 1127 1914 uno
1162 1876 1321 1914 ceteros
1355 1887 1440 1914 om-

89 1946 163 1972 nes
206 1932 377 1987 linguae
416 1931 584 1973 Atticae
625 1933 839 1986 principes
879 1936 1132 1987 gentemque
1173 1946 1339 1973 omnem
1378 1934 1440 1972 to-

183 2062 203 2092 8
220 2058 313 2093 Ρ1111.
327 2070 382 2103 ep.
396 2058 490 2100 1119,
505 2062 546 2092 13
628 2062 669 2092 27
685 2059 804 2092 Amin.
817 2058 934 2092 XXJX
948 2063 978 2101 1,
991 2063 1034 2092 25
1111 2063 1153 2092 31
1169 2058 1278 2103 Verg.
1291 2059 1332 2093 A.
1345 2059 1439 2093 1282

184 2178 204 2209 8
224 2175 405 2209 iactatum
426 2189 453 2209 ω
473 2186 563 2210 corr.
581 2175 696 2210 Hertz
715 2175 983 2209 iactabundum
997 2176 1082 2210 Ald.
1097 2177 1108 2222 11
1125 2180 1168 2210 14
1187 2175 1288 2209 uillis
1301 2196 1344 2201 -
1356 2187 1438 2220 pro-

87 2222 196 2256 ximis
220 2222 265 2268 {31}
282 2225 323 2256 19
346 2221 550 2267 Cephisiae,
572 2224 677 2257 aestu
695 2222 878 2268 Heiberyll
893 2226 934 2256 21
956 2222 1115 2256 molibus
1136 2235 1157 2261 ς
1171 2224 1175 2269 Ι
1189 2222 1374 2266 posticum
1394 2235 1414 2259 ς
1428 2223 1439 2268 1,

90 2272 132 2302 23
161 2269 259 2303 auris
289 2268 351 2304 Gr.
372 2271 383 2313 Η
404 2272 445 2303 27
473 2268 688 2312 loquencior
712 2272 741 2302 V
767 2270 830 2312 cfr.
854 2272 970 2304 Amm.
993 2270 1014 2304 1.
1037 2270 1057 2303 ἶ.
1078 2271 1090 2313 {l
1110 2273 1152 2304 29
1180 2269 1297 2314 suppl.
1320 2281 1340 2303 σ
