1602 2484
542 60 778 95 CAPITVLA
804 60 889 95 LIB.
917 59 1011 96 Vm.
1039 60 1087 94 IX
1431 60 1484 101 21

231 167 291 208 XI
352 167 484 216 Quam
536 169 686 209 festive
735 169 999 222 responderit
1049 168 1320 221 Xanthippae
1368 169 1491 209 uxori

144 225 338 267 Socrates
365 228 537 280 petenti,
569 231 615 267 ut
642 242 716 281 per
741 226 948 281 Dionysia
975 227 1157 282 largiore
1183 229 1354 280 sumptu
1383 228 1489 268 ceni—

142 288 290 326 tarent.

230 343 312 384 XII
346 344 453 392 Quid
479 344 690 398 significet
710 345 754 384 in
773 347 959 385 veterum
983 345 1102 385 libris
1124 345 1326 398 scriptum
1353 344 1490 398 ‘pleri-

142 417 223 455 que
245 404 424 454 omncs’3
449 406 489 443 et
510 404 621 456 quod
644 418 691 443 ea
711 403 838 444 verba
860 406 1028 457 accepta
1051 419 1074 444 a
1096 401 1264 444 Graecis
1284 404 1489 444 videntur.

229 460 332 502 XIII
379 461 645 515 ‘Eupsones’,
687 463 800 515 quod
837 462 1031 502 homines
1070 461 1164 502 Afri
1204 463 1366 515 dicunt,
1404 476 1491 503 non

140 534 230 560 esse
261 520 437 561 verbum
470 520 720 572 Poenicum,
754 522 823 561 sed
859 519 1074 562 Graecum.

228 577 329 619 XIV
369 578 649 632 Lepidissima
677 579 896 620 altercatio
923 579 1121 620 Favorini
1148 579 1395 633 philosophi
1422 580 1490 620 ad—

138 651 286 678 versus
339 638 547 690 quendam
593 639 938 692 intempestivum
985 639 1034 679 de
1078 639 1358 693 ambiguitate
1401 652 1490 679 ver-

142 694 290 737 borum
342 697 634 749 disserentem3
685 700 812 749 atque
864 698 964 737 inibi
1016 697 1141 737 verba
1188 698 1392 750 quaedam
1437 711 1488 737 ex

137 752 301 796 Naevio
335 758 462 809 poeta
489 759 530 796 et
558 755 629 796 Cn.
653 754 788 796 Gellio
815 770 902 796 non
926 757 1080 796 usitate
1108 756 1332 809 collocata3
1364 759 1490 809 atque

138 813 295 854 ibidem
334 829 358 854 a
389 812 433 853 P.
454 812 630 869 Nigidio
671 815 854 869 origines
894 814 1199 855 vocabulorum
1236 814 1489 868 exploratae.

226 871 308 913 XV
353 871 515 921 Quibus
551 874 687 913 modis
721 874 1026 927 ignominiatus
1059 876 1348 926 tractatusque
1381 874 1436 913 sit
1466 888 1490 914 a

139 929 181 971 C.
209 929 385 972 Caesare
416 930 621 972 Laberius
654 936 797 985 poeta3
830 935 957 985 atque
989 932 1095 972 inibi
1128 933 1313 986 appositi
1345 947 1490 973 versus

138 1003 266 1043 super
298 991 442 1031 eadem
474 1005 519 1030 re
552 991 738 1031 eiusdem
771 990 959 1045 Laberii}

453 1133 768 1179 CAFlTVLA
807 1133 978 1179 LIBRI
1017 1134 1176 1180 NONI

225 1223 245 1264 I
297 1223 581 1273 Quamobrem
628 1224 810 1273 Quintus
856 1224 1056 1266 Claudius
1099 1225 1402 1280 Quadrigarius
1446 1227 1490 1267 in

136 1283 450 1324 undevicesimo
502 1283 643 1323 annali
694 1285 909 1337 scripserit
958 1285 1157 1325 rectiores
1206 1286 1489 1338 certioresque

136 1341 245 1382 ictus
284 1342 393 1395 fieri,
433 1343 467 1382 si
509 1357 675 1382 sursum
717 1344 818 1396 quid
856 1343 1001 1383 mittas
1041 1358 1166 1396 quam
1207 1344 1241 1384 si
1281 1344 1488 1384 deorsum.

226 1399 267 1440 Π
313 1400 518 1449 Qualibus
564 1401 702 1441 verbis
745 1402 904 1442 notarit
944 1400 1135 1442 Herodes
1173 1401 1343 1443 Atticus
1381 1402 1489 1444 falso

137 1459 379 1513 quempiam
418 1458 534 1500 cultu
574 1461 816 1513 amictuque
852 1475 1008 1501 nomen
1039 1460 1319 1514 habitumque
1352 1461 1489 1515 pbilo-

137 1517 261 1571 sophi
295 1519 605 1559 enientientem.

223 1575 286 1617 Ill
331 1576 528 1630 Epistula
564 1576 755 1630 Philippi
796 1577 908 1632 regis
947 1578 998 1618 ad
1037 1576 1311 1619 Aristotelem
1351 1578 1487 1632 philo-

137 1634 317 1689 sophum
355 1650 481 1689 super
513 1635 756 1676 Alexandro
788 1650 933 1676 recens
965 1639 1077 1677 nato.

224 1692 286 1734 IV
328 1693 392 1734 De
430 1694 705 1734 barbararum
740 1695 928 1749 gentium
963 1695 1220 1749 prodigiosis
1252 1695 1485 1749 miraculis3

136 1752 270 1806 deque
315 1753 415 1793 diris
454 1756 495 1793 et
534 1753 722 1793 exitiosis
762 1753 1171 1806 effascinationibus3
1216 1757 1343 1807 atque
1380 1754 1487 1795 inibi

136 1811 186 1852 de
218 1811 387 1851 feminis
419 1814 592 1865 repente
625 1812 757 1852 versis
790 1812 834 1851 in
865 1826 1014 1852 mares.

224 1867 264 1910 V
304 1868 506 1910 Diversae
538 1870 744 1910 nobilium
781 1869 1136 1924 philosophorum
1172 1871 1404 1911 sententiae
1436 1871 1486 1911 de

136 1942 287 1982 genere
320 1942 366 1968 ac
399 1931 549 1969 natura
582 1928 832 1981 voluptatis:
864 1929 1075 1982 verbaque
1104 1928 1316 1970 Hieroclis
1349 1929 1485 1983 philo-

138 1985 275 2040 sophi,
309 1987 462 2039 quibus
496 1988 661 2028 decreta
693 1986 870 2040 Epicuri
902 1988 1130 2028 insectatus
1164 1991 1237 2029 est.

223 2044 284 2085 VI
328 2044 537 2098 Verbum,
576 2046 689 2100 quod
727 2048 806 2104 est·
827 2046 935 2099 (ab)
969 2046 1080 2101 ‘ago'
1113 2047 1486 2100 frequentativum,

134 2104 179 2143 in
217 2103 381 2157 syllaba
419 2105 555 2158 prima
597 2118 780 2158 quonam
821 2105 875 2145 sit
907 2105 1079 2145 modulo
1112 2106 1485 2159 pronuntiandum.

223 2161 305 2202 VII
338 2161 401 2203 De
429 2164 703 2203 conversione
730 2163 931 2203 soliorum
957 2164 999 2204 in
1021 2163 1170 2205 arbore
1192 2164 1283 2205 olea
1303 2164 1487 2205 brumali

135 2223 176 2260 et,
208 2221 423 2261 solstitiali
456 2222 539 2275 die3
572 2222 705 2275 deque
737 2221 892 2262 fidibus
925 2222 967 2262 id
998 2223 1202 2276 temporis
1232 2223 1318 2263 ictu
1345 2223 1483 2263 alieno

135 2279 394 2320 sonantibus.
