1602 2484
45 491 60 516 5

724 83 737 115 Ῑ
765 86 783 115 9
1368 81 1423 118 559

726 213 781 255 IX

82 295 171 336 Quis
200 297 329 330 modus
356 296 482 337 fucrit,
517 297 598 339 quis
627 296 713 329 ordo
741 294 960 339 discipliuae
988 293 1273 337 Pythagoricae,
1307 305 1421 336 quan-

130 344 280 387 tumque
302 344 475 387 temporis
497 343 717 387 imperatum
739 342 1045 385 observatumque
1067 341 1115 375 sit
1133 341 1298 374 discendi
1313 340 1421 374 simul

129 401 171 424 ac
198 389 357 424 tacendi.

170 473 282 515 Ordo
309 478 435 527 atque
462 475 568 515 ratio
593 473 912 528 Pythagorae
940 488 986 513 ac
1014 473 1210 526 deinceps
1236 473 1453 513 familiae-1

80 532 178 584 <et>
193 535 468 575 successionis
489 534 577 573 eius
599 533 826 586 recipiendi
845 532 1176 584 instituendique
1192 532 1420 585 discipulos

79 591 371 633 huiuscemodi
396 594 525 633 fuisse
552 592 748 633 traditur:
781 591 868 631 Iam
895 607 918 631 a
946 591 1153 644 principio
1181 591 1419 631 adulescen-
1436 600 1454 629 2

78 653 154 702 tes,
186 652 258 703 qui
285 666 372 692 sese
399 651 450 692 ad
476 651 720 692 discendum
748 651 1001 702 obtulerant,
1033 649 1419 703 ἐφυσιογνωμόνει-.

79 708 127 749 Id
153 710 326 750 verbum
354 710 564 765 significat
585 724 721 750 mores
742 712 996 761 naturasque
1018 708 1236 749 hominum
1259 709 1419 750 coniec-

27 785 60 810 10
79 769 238 809 tatione
272 770 451 822 quadam
485 769 534 810 de
568 770 651 809 oris
684 772 725 809 et
757 769 898 808 vultus
932 768 1101 821 ingenio
1129 768 1262 820 deque
1288 769 1419 808 totius

26 1079 58 1105 15

21 1373 58 1398 20

79 828 266 880 corporis
314 828 386 869 filo
431 831 557 881 atque
601 828 750 868 habitu
795 828 1008 867 sciscitari.
1083 826 1189 866 Tum
1236 827 1308 878 qui
1353 836 1451 866 ex-:5

78 887 268 939 ploratus
300 887 352 928 ab
385 902 434 928 eo
461 888 719 939 idoneusque
746 886 895 938 fuerat,
927 886 1056 939 recipi
1084 886 1127 925 in
1154 885 1418 938 disciplinam

79 945 221 986 statim
260 946 433 987 iubebat
471 950 512 987 et
550 949 717 999 tempus
756 948 915 986 certum
955 948 1109 985 tacere:
1151 959 1236 984 non
1275 958 1419 984 omnes

78 1003 207 1057 idem,
256 1005 327 1045 sed
377 1006 482 1046 alios
532 1006 646 1045 aliud
695 1008 862 1057 tempus
908 1018 982 1056 pro
1027 1004 1248 1043 aestimato
1293 1006 1418 1056 captu

80 1063 301 1104 sollertiae.
364 1063 404 1104 Is
436 1067 595 1116 autem,
628 1064 700 1116 qui
731 1063 916 1114 tacebat,
948 1077 1054 1115 quae
1087 1062 1335 1103 dicebantur
1365 1062 1454 1102 ab4

78 1121 184 1174 aliis,
216 1122 425 1175 audiebat,
458 1138 592 1176 neque
620 1123 870 1175 percontari,
903 1122 937 1161 si
965 1136 1111 1174 parum
1142 1121 1419 1173 intellexerat,

78 1194 213 1233 neque
252 1183 546 1234 commentari,
591 1196 697 1234 quae
736 1181 942 1231 audierat,
979 1180 1042 1220 fas
1080 1183 1186 1229 erat3
1225 1179 1295 1220 sed
1334 1194 1419 1220 non

79 1240 217 1280 minus
250 1241 473 1293 quisquam
500 1241 633 1281 tacuit
659 1254 785 1293 quam
814 1240 1047 1280 biennium:
1080 1239 1124 1278 hi
1151 1253 1322 1292 prorsus
1348 1254 1418 1292 ap-

19 1338 21 1340 ,
78 1298 346 1351 pellabantur
376 1300 487 1340 intra
518 1303 686 1352 tempus
718 1299 883 1339 tacendi
913 1298 1192 1350 audiendique
1220 1297 1419 1338 ἀκουστι-

77 1358 156 1397 κοί.
207 1355 286 1398 Ast
312 1358 386 1399 ubi
412 1373 476 1399 res
503 1359 735 1399 didicerant
760 1372 899 1398 rerum
925 1357 1114 1397 omnium
1135 1356 1452 1409 difficillimas,5

77 1418 214 1457 tacere
258 1417 503 1470 audireque,
549 1420 675 1470 atque
720 1431 808 1457 esse
853 1417 935 1456 iam
981 1418 1205 1468 coeperant
1250 1416 1417 1456 silentio

77 1474 248 1527 eruditi,
291 1476 359 1516 cui
396 1479 485 1517 erat
522 1491 677 1516 nomen
715 1474 943 1529 ἐχεμυθίας,
987 1478 1077 1515 tum
1116 1472 1253 1515 verba
1281 1474 1417 1515 facere

78 1536 119 1574 et
156 1547 355 1586 quaerere
394 1549 584 1588 quaeque
623 1534 838 1575 audissent
877 1534 1057 1575 scribere
1095 1536 1154 1585 et,
1192 1547 1298 1585 quae
1336 1534 1418 1587 ipsi

79 1592 364 1646 opinarentur,
395 1608 640 1647 expromere
674 1596 861 1647 potestas
888 1596 994 1645 erat,
1026 1591 1070 1632 hi
1098 1592 1347 1633 dicebantur
1374 1593 1452 1633 ino

79 1665 127 1691 eo
159 1653 349 1705 tempore
381 1655 695 1706 μαθηματικοί,
727 1651 779 1692 ab
812 1652 878 1692 his
911 1652 1070 1692 scilicet
1102 1651 1282 1703 artibus,
1313 1665 1417 1703 quas

78 1709 162 1749 iam
212 1710 369 1751 discere
419 1714 545 1764 atque
596 1711 788 1752 meditari
832 1711 1166 1764 inceptaverant:
1217 1710 1417 1761 quoniam

79 1769 372 1822 geometriam,
421 1770 737 1826 gnomonicam,
782 1770 984 1810 musicam
1029 1771 1271 1821 ceterasque
1315 1769 1417 1809 item

79 1827 322 1881 disciplinas
364 1828 536 1869 altiores
577 1830 812 1882 μαθήματα
849 1831 1010 1868 veteres
1050 1826 1196 1868 Graeci
1233 1828 1417 1880 appella-

77 1885 198 1940 bant,
241 1887 394 1941 vulgus
432 1890 592 1939 autem,
636 1901 741 1940 quos
779 1887 995 1941 gentilicio
1034 1886 1240 1927 vocabulo
1281 1884 1418 1926 ‘Chal-

175 2017 216 2046 11
243 2013 360 2047 Varro
385 2013 408 2048 l.
429 2013 452 2048 l.
474 2013 505 2047 X
526 2018 558 2056 2,
579 2018 598 2047 5
624 2015 743 2047 Amin.
764 2013 849 2047 XIV
871 2017 924 2055 11,
943 2016 986 2046 28
1132 2017 1174 2047 12
1189 2024 1266 2057 sqq.
1282 2013 1416 2057 Porph.

76 2059 141 2093 vit.
161 2059 268 2103 Pyth.
292 2064 333 2093 13
354 2060 545 2095 Iamblich.
562 2065 603 2094 71
624 2060 730 2105 Diog.
745 2060 783 2094 L.
798 2060 884 2094 VIII
899 2064 929 2101 1,
945 2063 965 2093 8
980 2062 1051 2105 (10)
1071 2060 1180 2105 Apul.
1195 2060 1270 2094 flor.
1288 2064 1330 2094 15
1345 2062 1416 2105 (60)

174 2180 193 2210 2
225 2176 297 2218 Qui
321 2181 347 2211 P
366 2179 377 2222 ΙΙ
398 2181 417 2211 3
446 2178 595 2212 dicendi
620 2182 649 2212 V
667 2180 678 2222 Η
699 2182 718 2211 5
745 2178 862 2212 oratio
889 2192 915 2212 ω
939 2180 943 2222 Ι
965 2177 1051 2212 fam.
1079 2179 1144 2212 del.
1180 2179 1285 2224 Vogel
1302 2180 1314 2221 Η
1334 2182 1354 2212 6
1380 2179 1418 2212 et

78 2224 163 2258 add.
190 2225 361 2270 Bonyars
378 2226 390 2269 Η
411 2228 453 2258 12
491 2236 562 2268 que
600 2226 664 2259 del.
700 2226 845 2259 Vossius
875 2225 1043 2258 inventus
1076 2226 1253 2267 (Vahlen,
1291 2226 1415 2259 Herm.

78 2271 350 2315 XXXV137)‚
375 2271 474 2306 visus
495 2273 540 2307 al.
562 2273 646 2306 add.
667 2273 735 2307 aliz·
753 2273 764 2316 ΙΙ
786 2276 827 2306 13
847 2271 1046 2306 iubebatur
1066 2273 1211 2307 Falster
1229 2275 1240 2316 Η
1261 2276 1304 2306 14
1324 2272 1416 2307 alios

81 2317 146 2352 Gr.
175 2317 277 2351 aliud
301 2322 331 2352 V
356 2318 450 2353 alius
477 2333 504 2353 ω
524 2322 597 2363 {127
625 2330 757 2364 gnom.‚
785 2318 1042 2364 astrologiam,
1068 2319 1248 2353 musicam
1272 2319 1294 2364 β
