1611 2474
138 72 222 112 372
712 70 744 103 X
770 74 830 110 24:
857 75 900 105 25

137 179 230 220 die'.
286 178 426 231 Atque
459 179 560 218 item
593 178 721 218 simili
754 178 890 232 figura
924 178 1004 217 ‘die
1033 177 1218 218 crastini’
1248 177 1474 225 dicebatur,

105 238 179 279 9id
218 241 305 278 erat
345 238 542 277 ‘crastino
579 236 671 276 die'.
736 234 981 276 Sacerdotes
1015 249 1182 288 quoque
1213 235 1360 290 populi
1394 234 1473 275 Ro-

138 296 268 347 mani,
302 309 395 335 cum
428 294 656 335 condicunt
688 294 729 333 in
763 294 874 334 diem
906 294 1091 346 tertium,
1127 293 1209 333 ‘die
1241 293 1472 347 perendini’

80 368 122 398 10
139 354 292 394 dicunt.
351 352 431 393 Sed
462 355 509 392 ut
540 352 730 406 plerique
764 352 846 393 ‘die
879 351 1076 405 pristini',
1107 352 1166 392 ita
1194 352 1249 392 M.
1277 351 1398 392 Cato
1431 352 1475 392 in

138 412 367 452 oratione
400 413 575 451 contra
606 410 810 451 Furium
841 410 984 463 (XIX
1008 410 1113 461 TJ.)
1146 410 1223 450 die
1254 409 1472 463 proximi
1511 425 1526 451 5

137 470 259 522 dixit,
303 470 437 521 <die>
476 471 655 522 quarto
694 471 833 509 autem
874 467 952 509 Cn.
985 468 1189 521 Matius,
1232 467 1360 508 homo
1400 468 1473 508 im-

136 542 263 581 pense
284 528 443 580 doetus,
468 528 512 568 in
538 527 842 567 mimiambis
869 541 944 580 pro
969 540 1017 567 eo
1039 527 1152 579 dicit,
1173 525 1284 580 quod
1306 526 1474 567 ‘nudius

137 587 327 639 quartus’
361 600 439 626 nos
472 585 668 638 dicimus,
700 586 743 625 in
775 584 841 625 his
874 584 1062 625 versibus
1095 586 1165 637 (fr.
1192 588 1243 625 11
1263 583 1351 635 B.):

194 681 352 720 nuper
385 667 463 707 die
496 670 694 721 quarto,
726 670 779 707 ut
811 666 1065 718 recordor,
1098 668 1144 706 et
1177 667 1311 706 certe

195 727 457 779 aquarium
490 739 690 766 urceum
722 726 922 766 unicum
957 724 1087 765 domi
1119 724 1288 778 fregit.
1496 740 1528 764 10

137 806 229 847 Hoc
266 808 398 862 igitur
436 807 644 859 intererit,
681 810 729 847 ut
762 807 843 847 ‘die
876 806 1040 859 quarto’
1076 805 1243 858 quidem
1278 805 1327 845 de
1360 820 1476 857 prae-

136 866 262 905 terito
296 866 501 917 dicamus,
533 865 780 919 ‘diequarte'
816 868 955 905 autem
988 864 1037 903 de
1069 864 1225 904 futuro.

747 980 867 1021 XXV

136 1062 307 1096 Telorum
333 1063 370 1096 et
390 1061 595 1096 iaculorum
614 1061 896 1106 gladiorumque
918 1062 1029 1103 atque
1049 1060 1143 1094 inibi
1162 1059 1311 1093 navium
1330 1070 1474 1102 quoque

183 1109 378 1150 vocabula,
405 1119 500 1152 quae
527 1109 665 1152 scripta
690 1108 728 1142 in
754 1110 918 1142 veterum
944 1107 1048 1141 libris
1074 1106 1318 1151 reperiuntur.
1496 1115 1528 1139 15

104 1208 120 1237 1
224 1192 441 1245 Telorum,
481 1192 715 1233 iaculorum
755 1191 1074 1246 gladiorumque
1111 1188 1331 1241 vocabula,
1371 1203 1476 1241 quae

138 1251 181 1290 in
207 1251 445 1291 historiis
472 1250 730 1291 veteribus
758 1250 915 1303 scripta
942 1252 1053 1301 sunt,
1081 1248 1182 1289 item
1209 1246 1475 1302 navigiorum

138 1323 292 1363 genera
330 1312 371 1349 et
408 1310 580 1349 nomina
616 1308 788 1350 libitum
826 1308 935 1348 forte
973 1307 1095 1347 nobis
1134 1309 1197 1347 est
1235 1304 1476 1346 sedentibus

139 1368 182 1407 in
213 1367 311 1407 reda
340 1368 603 1421 conquirere,
635 1382 686 1407 ne
716 1366 818 1420 quid
843 1365 1021 1406 aliarum
1048 1365 1305 1418 ineptiarum
1330 1377 1476 1404 vacan-

104 1440 123 1469 2
139 1428 224 1466 tem
252 1428 575 1479 stupentemque
602 1425 789 1466 animum
814 1426 1050 1477 occuparet.
1100 1422 1215 1472 Quae
1235 1425 1325 1463 tum
1347 1421 1477 1476 igitur
1497 1438 1529 1462 20

139 1484 439 1537 suppetierant,
471 1484 574 1524 haec
605 1486 719 1524 sunt:
757 1483 890 1534 hasta,
921 1482 1068 1536 pilum,
1101 1481 1325 1534 phalarica,
1357 1480 1477 1519 semi-

138 1542 369 1595 phalarica,
405 1541 638 1595 soliferrea,
671 1555 807 1596 gaesa,
838 1541 994 1593 lancea,
1027 1540 1150 1593 spari,
1181 1539 1374 1589 rumices,
1407 1538 1477 1577 tri-

139 1601 267 1653 faces,
299 1599 507 1654 tragulae,
539 1601 734 1651 frameae,
767 1598 1043 1650 mesanculae,
1076 1598 1244 1648 cateiae,
1275 1596 1478 1649 rumpiae,

234 1719 253 1748 4
280 1715 371 1748 Non.
394 1715 415 1748 l.
438 1715 459 1747 l.
590 1719 629 1748 11
657 1714 764 1748 Macr,
790 1713 811 1746 1.
834 1713 855 1746 l.
883 1713 975 1747 Non.
998 1712 1029 1745 V
1049 1724 1082 1756 p.
1105 1715 1184 1753 441,
1205 1715 1225 1745 8
1254 1711 1328 1744 ‘die
1349 1711 1478 1753 quarte

139 1763 317 1805 (‘quarta⁷
346 1762 465 1804 codd.)
504 1763 541 1795 et
575 1762 634 1795 die
666 1762 797 1804 quarto
829 1760 897 1794 hoc
930 1758 1077 1793 differre
1108 1758 1308 1802 prudentes
1341 1757 1478 1798 volunt,

140 1820 293 1851 quorum
319 1811 444 1842 tamen
471 1808 671 1842 auctoritas
698 1809 736 1841 in
759 1808 913 1841 obscuro
933 1807 999 1847 est,
1026 1807 1068 1839 ut
1088 1806 1136 1838 sit
1157 1805 1217 1838 die
1237 1805 1368 1847 quarto
1388 1805 1478 1837 tem-

140 1856 239 1899 poris
259 1855 462 1900 praeteriti,
483 1855 543 1889 die
564 1856 693 1897 quarte
714 1854 890 1898 g‘quarta'
914 1853 1033 1895 codd.)
1053 1852 1183 1885 futuri’
1205 1850 1308 1894 (CGL
1329 1850 1378 1884 VI
1398 1852 1478 1891 327)

190 1906 231 1935 16
247 1913 323 1944 sqq.
357 1902 449 1935 Non.
477 1901 559 1934 XIX
585 1913 618 1945 p.
645 1904 711 1934 552
727 1912 803 1944 sqq,
831 1900 916 1934 Isid.
940 1899 1055 1932 XVIII
1075 1903 1094 1932 5
1111 1909 1187 1941 sqq.
1215 1898 1311 1932 Fest.
1333 1898 1370 1931 et
1390 1896 1479 1931 CGL

142 1960 167 1981 s.
196 1960 249 1981 vv.

238 2058 253 2086 1
287 2054 386 2087 idem
412 2067 439 2087 ω
465 2064 552 2088 corr.
579 2052 629 2085 Χ2
653 2054 664 2095 11
691 2055 709 2084 3
740 2051 837 2084 diem
866 2064 892 2083 ω
917 2061 1007 2085 corr.
1035 2049 1092 2083 Sk.
1118 2050 1129 2092 Η
1155 2053 1174 2083 6
1202 2048 1262 2082 die
1287 2048 1404 2091 suppl.
1432 2046 1482 2091 σΗ

145 2104 185 2133 12
207 2100 267 2134 die
287 2102 418 2143 quarto
440 2100 483 2137 αἱ
504 2100 564 2134 die
583 2100 716 2142 quarta
736 2101 803 2138 ΒΖ,
825 2098 880 2132 νά.
895 2097 992 2131 Non.
1012 2098 1023 2140 ΙΙ
1046 2100 1086 2129 19
1107 2106 1226 2138 neque
1245 2094 1345 2129 idem
1364 2094 1416 2137 (id
1436 2093 1482 2130 Ψ

141 2158 185 2181 eae
203 2147 293 2181 item
312 2149 356 2189 X)
377 2147 555 2181 aliarum.
574 2174 578 2179 .
597 2174 602 2178 .
619 2155 798 2188 occupare
819 2158 845 2177 ω
865 2154 954 2179 corr.
971 2143 1083 2177 Hertz
1103 2152 1148 2176 ne
1169 2153 1202 2185 q.
1222 2141 1403 2175 malarum
1422 2140 1479 2175 Sk.

142 2194 261 2236 iisque
287 2193 412 2237 (inque
438 2194 602 2237 Lipsius)
629 2192 746 2226 vicem
844 2200 1024 2234 occupare
1051 2189 1200 2231 Caro-im
1220 2188 1338 2232 possis
1363 2197 1482 2229 neque

142 2239 229 2274 ludo
255 2250 437 2274 metarum
463 2246 654 2282 (vanarum
672 2239 735 2281 al.)
760 2238 809 2272 in.
836 2241 877 2272 ut
904 2237 983 2270 VII
999 2239 1053 2278 13,
1073 2239 1095 2269 7
1113 2237 1125 2279 ΙΙ
1145 2239 1187 2268 22
1214 2235 1428 2279 g(a)es(a)ea
1454 2246 1481 2266 ω

139 2291 282 2330 praeter
299 2290 330 2319 N
352 2288 356 2329 Ι
378 2285 591 2330 rumigestri
616 2285 715 2319 fac-es
741 2285 792 2319 sic
817 2285 888 2326 fere
914 2296 940 2316 ω
960 2285 971 2326 ΙΙ
992 2286 1034 2315 23
1061 2281 1273 2323 mesancyla
1299 2280 1483 2314 Turnebus
