<?xml version="1.0" encoding="UTF-8"?>
<!DOCTYPE html PUBLIC "-//W3C//DTD XHTML 1.0 Transitional//EN"
    "http://www.w3.org/TR/xhtml1/DTD/xhtml1-transitional.dtd">
<html xmlns="http://www.w3.org/1999/xhtml" xml:lang="en" lang="en">
 <head>
  <title>
</title>
<meta http-equiv="Content-Type" content="text/html;charset=utf-8" />
  <meta name='ocr-system' content='tesseract 3.04.00' />
  <meta name='ocr-capabilities' content='ocr_page ocr_carea ocr_par ocr_line ocrx_word'/>
</head>
<body>
  <div class='ocr_page' id='page_1' title='image "./agelliinoctiumat01gelluoft_0110.png"; bbox 0 0 1591 2474; ppageno 0'>
   <div class='ocr_carea' id='block_1_1' title="bbox 125 58 832 99">
    <p class='ocr_par' dir='ltr' id='par_1_1' title="bbox 125 58 832 99">
     <span class='ocr_line' id='line_1_1' title="bbox 125 58 832 99; baseline -0.013 0"><span class='ocrx_word' id='word_1_1' title='bbox 125 59 181 99; x_wconf 77' lang='lat'>42</span> <span class='ocrx_word' id='word_1_2' title='bbox 772 58 832 91; x_wconf 77' lang='lat'>12</span> 
     </span>
    </p>
   </div>
   <div class='ocr_carea' id='block_1_2' title="bbox 92 163 1526 2029">
    <p class='ocr_par' dir='ltr' id='par_1_2' title="bbox 92 163 1523 1097">
     <span class='ocr_line' id='line_1_2' title="bbox 126 163 1467 222; baseline -0.003 -15"><span class='ocrx_word' id='word_1_3' title='bbox 126 170 283 222; x_wconf 86' lang='lat' dir='ltr'>gatam,</span> <span class='ocrx_word' id='word_1_4' title='bbox 334 166 629 219; x_wconf 89' lang='lat' dir='ltr'>quodcumque</span> <span class='ocrx_word' id='word_1_5' title='bbox 679 179 834 205; x_wconf 89' lang='lat' dir='ltr'>nomen</span> <span class='ocrx_word' id='word_1_6' title='bbox 877 163 1075 204; x_wconf 87' lang='lat' dir='ltr'>Latinum</span> <span class='ocrx_word' id='word_1_7' title='bbox 1126 164 1247 205; x_wconf 85' lang='lat' dir='ltr'>rudes</span> <span class='ocrx_word' id='word_1_8' title='bbox 1293 178 1382 204; x_wconf 87' lang='lat' dir='ltr'>esse</span> <span class='ocrx_word' id='word_1_9' title='bbox 1426 166 1467 204; x_wconf 91' lang='lat' dir='ltr'>et</span> 
     </span>
     <span class='ocr_line' id='line_1_3' title="bbox 125 221 1466 280; baseline -0.003 -15"><span class='ocrx_word' id='word_1_10' title='bbox 125 228 309 280; x_wconf 87' lang='lat' dir='ltr'>agrestes</span> <span class='ocrx_word' id='word_1_11' title='bbox 342 224 611 278; x_wconf 86' lang='lat' dir='ltr'>praedicabat</span> <span class='ocrx_word' id='word_1_12' title='bbox 636 226 762 276; x_wconf 86' lang='lat' dir='ltr'>atque</span> <span class='ocrx_word' id='word_1_13' title='bbox 789 223 947 263; x_wconf 86' lang='lat' dir='ltr'>interea</span> <span class='ocrx_word' id='word_1_14' title='bbox 974 223 1189 263; x_wconf 86' lang='lat' dir='ltr'>vocabulis</span> <span class='ocrx_word' id='word_1_15' title='bbox 1215 222 1318 262; x_wconf 86' lang='lat' dir='ltr'>haut</span> <span class='ocrx_word' id='word_1_16' title='bbox 1343 221 1466 262; x_wconf 85' lang='lat' dir='ltr'>facile</span> 
     </span>
     <span class='ocr_line' id='line_1_4' title="bbox 125 280 1465 339; baseline -0.004 -15"><span class='ocrx_word' id='word_1_17' title='bbox 125 284 324 339; x_wconf 98' lang='lat' dir='ltr'>cognitis,</span> <span class='ocrx_word' id='word_1_18' title='bbox 379 283 724 337; x_wconf 78' lang='lat' dir='ltr'>syllogismorum</span> <span class='ocrx_word' id='word_1_19' title='bbox 774 281 1102 334; x_wconf 88' lang='lat' dir='ltr'>captionumque</span> <span class='ocrx_word' id='word_1_20' title='bbox 1153 280 1465 321; x_wconf 87' lang='lat' dir='ltr'>dialecticarum</span> 
     </span>
     <span class='ocr_line' id='line_1_5' title="bbox 124 338 1467 395; baseline -0.004 -12"><span class='ocrx_word' id='word_1_21' title='bbox 124 342 286 395; x_wconf 80' lang='lat' dir='ltr'>laqueis</span> <span class='ocrx_word' id='word_1_22' title='bbox 329 341 541 394; x_wconf 87' lang='lat' dir='ltr'>strepebat</span> <span class='ocrx_word' id='word_1_23' title='bbox 578 340 920 394; x_wconf 71' lang='grc' dir='ltr'><em>κυριεύοντας</em></span> <span class='ocrx_word' id='word_1_24' title='bbox 960 342 1000 380; x_wconf 87' lang='lat' dir='ltr'>et</span> <span class='ocrx_word' id='word_1_25' title='bbox 1038 338 1388 392; x_wconf 77' lang='grc' dir='ltr'><em>ἡσυχάζοντας</em></span> <span class='ocrx_word' id='word_1_26' title='bbox 1426 342 1467 378; x_wconf 87' lang='lat' dir='ltr'>et</span> 
     </span>
     <span class='ocr_line' id='line_1_6' title="bbox 126 397 1520 454; baseline -0.004 -13"><span class='ocrx_word' id='word_1_27' title='bbox 126 403 371 454; x_wconf 76' lang='grc' dir='ltr'><em>σωρείτας</em></span> <span class='ocrx_word' id='word_1_28' title='bbox 409 401 599 451; x_wconf 89' lang='lat' dir='ltr'>aliosque</span> <span class='ocrx_word' id='word_1_29' title='bbox 637 398 680 438; x_wconf 85' lang='lat' dir='ltr'>id</span> <span class='ocrx_word' id='word_1_30' title='bbox 718 413 850 453; x_wconf 87' lang='lat' dir='ltr'>genus</span> <span class='ocrx_word' id='word_1_31' title='bbox 888 397 1063 453; x_wconf 81' lang='lat' dir='ltr'>griphos</span> <span class='ocrx_word' id='word_1_32' title='bbox 1101 397 1311 438; x_wconf 89' lang='lat' dir='ltr'>neminem</span> <span class='ocrx_word' id='word_1_33' title='bbox 1344 411 1466 449; x_wconf 91' lang='lat' dir='ltr'>posse</span> <span class='ocrx_word' id='word_1_34' title='bbox 1505 412 1520 437; x_wconf 86' lang='lat'><strong>5</strong></span> 
     </span>
     <span class='ocr_line' id='line_1_7' title="bbox 126 456 1466 499; baseline -0.004 0"><span class='ocrx_word' id='word_1_35' title='bbox 126 459 267 499; x_wconf 89' lang='lat' dir='ltr'>dicens</span> <span class='ocrx_word' id='word_1_36' title='bbox 299 458 379 498; x_wconf 84' lang='lat' dir='ltr'>nisi</span> <span class='ocrx_word' id='word_1_37' title='bbox 412 473 454 498; x_wconf 85' lang='lat' dir='ltr'>se</span> <span class='ocrx_word' id='word_1_38' title='bbox 488 458 726 497; x_wconf 75' lang='lat' dir='ltr'>dissolvere.</span> <span class='ocrx_word' id='word_1_39' title='bbox 782 456 887 496; x_wconf 84' lang='lat' dir='ltr'>Rem</span> <span class='ocrx_word' id='word_1_40' title='bbox 921 470 1018 496; x_wconf 87' lang='lat' dir='ltr'>vero</span> <span class='ocrx_word' id='word_1_41' title='bbox 1049 456 1229 496; x_wconf 89' lang='lat' dir='ltr'>ethicam</span> <span class='ocrx_word' id='word_1_42' title='bbox 1256 458 1466 495; x_wconf 87' lang='lat' dir='ltr'>naturam-</span> 
     </span>
     <span class='ocr_line' id='line_1_8' title="bbox 126 514 1467 570; baseline -0.004 -13"><span class='ocrx_word' id='word_1_43' title='bbox 126 532 207 570; x_wconf 89' lang='lat' dir='ltr'>que</span> <span class='ocrx_word' id='word_1_44' title='bbox 256 516 430 557; x_wconf 85' lang='lat' dir='ltr'>humani</span> <span class='ocrx_word' id='word_1_45' title='bbox 478 515 637 570; x_wconf 87' lang='lat' dir='ltr'>ingenii</span> <span class='ocrx_word' id='word_1_46' title='bbox 681 515 970 567; x_wconf 67' lang='lat' dir='ltr'>virtutumque</span> <span class='ocrx_word' id='word_1_47' title='bbox 1016 514 1199 569; x_wconf 77' lang='lat' dir='ltr'>origines</span> <span class='ocrx_word' id='word_1_48' title='bbox 1244 514 1467 565; x_wconf 84' lang='lat' dir='ltr'>officiaque</span> 
     </span>
     <span class='ocr_line' id='line_1_9' title="bbox 126 572 1467 624; baseline -0.004 -8"><span class='ocrx_word' id='word_1_49' title='bbox 126 590 268 616; x_wconf 88' lang='lat' dir='ltr'>earum</span> <span class='ocrx_word' id='word_1_50' title='bbox 307 578 348 616; x_wconf 91' lang='lat' dir='ltr'>et</span> <span class='ocrx_word' id='word_1_51' title='bbox 385 575 568 615; x_wconf 86' lang='lat' dir='ltr'>confinia</span> <span class='ocrx_word' id='word_1_52' title='bbox 606 576 678 614; x_wconf 90' lang='lat' dir='ltr'>aut</span> <span class='ocrx_word' id='word_1_53' title='bbox 716 576 861 614; x_wconf 87' lang='lat' dir='ltr'>contra</span> <span class='ocrx_word' id='word_1_54' title='bbox 900 573 1144 613; x_wconf 79' lang='lat' dir='ltr'>morborum</span> <span class='ocrx_word' id='word_1_55' title='bbox 1181 572 1467 624; x_wconf 83' lang='lat' dir='ltr'>vitiorumque</span> 
     </span>
     <span class='ocr_line' id='line_1_10' title="bbox 125 630 1468 685; baseline -0.004 -11"><span class='ocrx_word' id='word_1_56' title='bbox 125 634 291 674; x_wconf 78' lang='lat' dir='ltr'>fraudes</span> <span class='ocrx_word' id='word_1_57' title='bbox 342 633 664 685; x_wconf 87' lang='lat' dir='ltr'>animorumque</span> <span class='ocrx_word' id='word_1_58' title='bbox 713 633 846 684; x_wconf 78' lang='lat' dir='ltr'>labes,</span> <span class='ocrx_word' id='word_1_59' title='bbox 897 631 1158 684; x_wconf 89' lang='lat' dir='ltr'>pestilentias</span> <span class='ocrx_word' id='word_1_60' title='bbox 1203 630 1468 671; x_wconf 69' lang='lat' dir='ltr'>asseverabat</span> 
     </span>
     <span class='ocr_line' id='line_1_11' title="bbox 126 690 1522 745; baseline -0.003 -13"><span class='ocrx_word' id='word_1_61' title='bbox 126 692 233 733; x_wconf 89' lang='lat' dir='ltr'>nulli</span> <span class='ocrx_word' id='word_1_62' title='bbox 277 706 365 732; x_wconf 88' lang='lat' dir='ltr'>esse</span> <span class='ocrx_word' id='word_1_63' title='bbox 409 692 486 731; x_wconf 89' lang='lat' dir='ltr'>ulli</span> <span class='ocrx_word' id='word_1_64' title='bbox 530 690 664 745; x_wconf 89' lang='lat' dir='ltr'>magis</span> <span class='ocrx_word' id='word_1_65' title='bbox 709 706 756 731; x_wconf 85' lang='lat' dir='ltr'>ea</span> <span class='ocrx_word' id='word_1_66' title='bbox 795 690 935 730; x_wconf 88' lang='lat' dir='ltr'>omnia</span> <span class='ocrx_word' id='word_1_67' title='bbox 974 690 1208 742; x_wconf 76' lang='lat' dir='ltr'>explorata,</span> <span class='ocrx_word' id='word_1_68' title='bbox 1254 690 1522 742; x_wconf 80' lang='lat' dir='ltr'>compertam</span> 
     </span>
     <span class='ocr_line' id='line_1_12' title="bbox 92 746 1468 803; baseline -0.004 -12"><span class='ocrx_word' id='word_1_69' title='bbox 92 751 423 803; x_wconf 84' lang='lat' dir='ltr'>5meditataque.</span> <span class='ocrx_word' id='word_1_70' title='bbox 481 748 746 789; x_wconf 85' lang='lat' dir='ltr'>Cruciatibus</span> <span class='ocrx_word' id='word_1_71' title='bbox 778 752 919 789; x_wconf 89' lang='lat' dir='ltr'>autem</span> <span class='ocrx_word' id='word_1_72' title='bbox 952 748 1251 800; x_wconf 85' lang='lat' dir='ltr'>doloribusque</span> <span class='ocrx_word' id='word_1_73' title='bbox 1280 746 1468 799; x_wconf 87' lang='lat' dir='ltr'>corporis</span> 
     </span>
     <span class='ocr_line' id='line_1_13' title="bbox 128 806 1468 862; baseline -0.004 -13"><span class='ocrx_word' id='word_1_74' title='bbox 128 812 169 849; x_wconf 90' lang='lat' dir='ltr'>et</span> <span class='ocrx_word' id='word_1_75' title='bbox 206 809 404 862; x_wconf 88' lang='lat' dir='ltr'>periculis</span> <span class='ocrx_word' id='word_1_76' title='bbox 442 811 621 848; x_wconf 88' lang='lat' dir='ltr'>mortem</span> <span class='ocrx_word' id='word_1_77' title='bbox 660 807 957 848; x_wconf 72' lang='lat' dir='ltr'>minitantibus</span> <span class='ocrx_word' id='word_1_78' title='bbox 995 806 1188 847; x_wconf 88' lang='lat' dir='ltr'>habitum</span> <span class='ocrx_word' id='word_1_79' title='bbox 1228 808 1468 857; x_wconf 85' lang='lat' dir='ltr'>statumque</span> 
     </span>
     <span class='ocr_line' id='line_1_14' title="bbox 126 864 1468 919; baseline -0.003 -12"><span class='ocrx_word' id='word_1_80' title='bbox 126 867 238 908; x_wconf 87' lang='lat' dir='ltr'>vitae</span> <span class='ocrx_word' id='word_1_81' title='bbox 282 868 442 919; x_wconf 87' lang='lat' dir='ltr'>beatae,</span> <span class='ocrx_word' id='word_1_82' title='bbox 487 881 611 919; x_wconf 88' lang='lat' dir='ltr'>quem</span> <span class='ocrx_word' id='word_1_83' title='bbox 651 881 693 907; x_wconf 88' lang='lat' dir='ltr'>se</span> <span class='ocrx_word' id='word_1_84' title='bbox 732 880 819 906; x_wconf 89' lang='lat' dir='ltr'>esse</span> <span class='ocrx_word' id='word_1_85' title='bbox 858 866 1057 918; x_wconf 90' lang='lat' dir='ltr'>adeptum</span> <span class='ocrx_word' id='word_1_86' title='bbox 1095 864 1288 917; x_wconf 86' lang='lat' dir='ltr'>putabat,</span> <span class='ocrx_word' id='word_1_87' title='bbox 1333 877 1468 916; x_wconf 88' lang='lat' dir='ltr'>neque</span> 
     </span>
     <span class='ocr_line' id='line_1_15' title="bbox 126 922 1469 978; baseline -0.004 -12"><span class='ocrx_word' id='word_1_88' title='bbox 126 926 236 966; x_wconf 89' lang='lat' dir='ltr'>laedi</span> <span class='ocrx_word' id='word_1_89' title='bbox 268 939 403 978; x_wconf 89' lang='lat' dir='ltr'>neque</span> <span class='ocrx_word' id='word_1_90' title='bbox 437 925 617 965; x_wconf 84' lang='lat' dir='ltr'>inminui</span> <span class='ocrx_word' id='word_1_91' title='bbox 649 924 919 965; x_wconf 80' lang='lat' dir='ltr'>existimabat</span> <span class='ocrx_word' id='word_1_92' title='bbox 951 938 998 964; x_wconf 86' lang='lat' dir='ltr'>ac</span> <span class='ocrx_word' id='word_1_93' title='bbox 1030 938 1081 963; x_wconf 88' lang='lat' dir='ltr'>ne</span> <span class='ocrx_word' id='word_1_94' title='bbox 1115 922 1198 963; x_wconf 85' lang='lat' dir='ltr'>oris</span> <span class='ocrx_word' id='word_1_95' title='bbox 1231 936 1399 975; x_wconf 90' lang='lat' dir='ltr'>quoque</span> <span class='ocrx_word' id='word_1_96' title='bbox 1429 924 1469 961; x_wconf 91' lang='lat' dir='ltr'>et</span> 
     </span>
     <span class='ocr_line' id='line_1_16' title="bbox 127 981 1523 1034; baseline -0.004 -10"><span class='ocrx_word' id='word_1_97' title='bbox 127 986 269 1025; x_wconf 81' lang='lat' dir='ltr'>vultus</span> <span class='ocrx_word' id='word_1_98' title='bbox 308 984 573 1025; x_wconf 76' lang='lat' dir='ltr'>serenitatem</span> <span class='ocrx_word' id='word_1_99' title='bbox 613 983 734 1023; x_wconf 88' lang='lat' dir='ltr'>stoici</span> <span class='ocrx_word' id='word_1_100' title='bbox 771 982 957 1023; x_wconf 89' lang='lat' dir='ltr'>hominis</span> <span class='ocrx_word' id='word_1_101' title='bbox 995 995 1196 1034; x_wconf 83' lang='lat' dir='ltr'>umquam</span> <span class='ocrx_word' id='word_1_102' title='bbox 1228 981 1315 1020; x_wconf 88' lang='lat' dir='ltr'>ulla</span> <span class='ocrx_word' id='word_1_103' title='bbox 1347 994 1469 1033; x_wconf 88' lang='lat' dir='ltr'>posse</span> <span class='ocrx_word' id='word_1_104' title='bbox 1491 995 1523 1019; x_wconf 81' lang='lat'>15</span> 
     </span>
     <span class='ocr_line' id='line_1_17' title="bbox 128 1041 675 1097; baseline -0.002 -15"><span class='ocrx_word' id='word_1_105' title='bbox 128 1042 390 1097; x_wconf 78' lang='lat' dir='ltr'>aegritudine</span> <span class='ocrx_word' id='word_1_106' title='bbox 424 1041 675 1082; x_wconf 90' lang='lat' dir='ltr'>obnubilari.</span> 
     </span>
    </p>

    <p class='ocr_par' dir='ltr' id='par_1_3' title="bbox 94 1098 1526 1900">
     <span class='ocr_line' id='line_1_18' title="bbox 94 1098 1470 1154; baseline -0.005 -12"><span class='ocrx_word' id='word_1_107' title='bbox 94 1114 114 1143; x_wconf 83' lang='grc'>6</span> <span class='ocrx_word' id='word_1_108' title='bbox 218 1101 304 1141; x_wconf 88' lang='lat' dir='ltr'>Has</span> <span class='ocrx_word' id='word_1_109' title='bbox 343 1101 413 1141; x_wconf 89' lang='lat' dir='ltr'>ille</span> <span class='ocrx_word' id='word_1_110' title='bbox 452 1101 596 1140; x_wconf 86' lang='lat' dir='ltr'>inanes</span> <span class='ocrx_word' id='word_1_111' title='bbox 635 1100 790 1154; x_wconf 87' lang='lat' dir='ltr'>glorias</span> <span class='ocrx_word' id='word_1_112' title='bbox 829 1113 925 1139; x_wconf 90' lang='lat' dir='ltr'>cum</span> <span class='ocrx_word' id='word_1_113' title='bbox 962 1098 1082 1138; x_wconf 85' lang='lat' dir='ltr'>flaret</span> <span class='ocrx_word' id='word_1_114' title='bbox 1120 1098 1287 1150; x_wconf 90' lang='lat' dir='ltr'>iamque</span> <span class='ocrx_word' id='word_1_115' title='bbox 1325 1111 1470 1137; x_wconf 90' lang='lat' dir='ltr'>omnes</span> 
     </span>
     <span class='ocr_line' id='line_1_19' title="bbox 128 1155 1470 1212; baseline -0.004 -13"><span class='ocrx_word' id='word_1_116' title='bbox 128 1160 255 1200; x_wconf 89' lang='lat' dir='ltr'>finem</span> <span class='ocrx_word' id='word_1_117' title='bbox 288 1162 489 1212; x_wconf 90' lang='lat' dir='ltr'>cuperent</span> <span class='ocrx_word' id='word_1_118' title='bbox 518 1159 740 1211; x_wconf 87' lang='lat' dir='ltr'>verbisque</span> <span class='ocrx_word' id='word_1_119' title='bbox 767 1157 856 1198; x_wconf 89' lang='lat' dir='ltr'>eius</span> <span class='ocrx_word' id='word_1_120' title='bbox 883 1156 1100 1211; x_wconf 81' lang='lat' dir='ltr'>defetigati</span> <span class='ocrx_word' id='word_1_121' title='bbox 1126 1155 1470 1209; x_wconf 86' lang='lat' dir='ltr'>pertaeduissent,</span> 
     </span>
     <span class='ocr_line' id='line_1_20' title="bbox 127 1214 1470 1269; baseline -0.004 -11"><span class='ocrx_word' id='word_1_122' title='bbox 127 1221 218 1259; x_wconf 89' lang='lat' dir='ltr'>tum</span> <span class='ocrx_word' id='word_1_123' title='bbox 250 1217 474 1258; x_wconf 89' lang='lat' dir='ltr'>Herodes</span> <span class='ocrx_word' id='word_1_124' title='bbox 510 1215 682 1269; x_wconf 80' lang='lat' dir='ltr'>Graeca,</span> <span class='ocrx_word' id='word_1_125' title='bbox 720 1217 783 1256; x_wconf 92' lang='lat' dir='ltr'>uti</span> <span class='ocrx_word' id='word_1_126' title='bbox 816 1215 1022 1269; x_wconf 87' lang='lat' dir='ltr'>plurimus</span> <span class='ocrx_word' id='word_1_127' title='bbox 1056 1215 1093 1255; x_wconf 90' lang='lat' dir='ltr'>ei</span> <span class='ocrx_word' id='word_1_128' title='bbox 1124 1229 1216 1255; x_wconf 93' lang='lat' dir='ltr'>mos</span> <span class='ocrx_word' id='word_1_129' title='bbox 1247 1214 1346 1267; x_wconf 78' lang='lat' dir='ltr'>fuit,</span> <span class='ocrx_word' id='word_1_130' title='bbox 1383 1227 1470 1253; x_wconf 91' lang='lat' dir='ltr'>ora-</span> 
     </span>
     <span class='ocr_line' id='line_1_21' title="bbox 128 1271 1525 1328; baseline -0.004 -11"><span class='ocrx_word' id='word_1_131' title='bbox 128 1277 243 1317; x_wconf 86' lang='lat' dir='ltr'>tione</span> <span class='ocrx_word' id='word_1_132' title='bbox 280 1279 402 1316; x_wconf 88' lang='lat' dir='ltr'>utens</span> <span class='ocrx_word' id='word_1_133' title='bbox 442 1275 688 1328; x_wconf 74' lang='lat' dir='ltr'>‘pe1·mitte,’</span> <span class='ocrx_word' id='word_1_134' title='bbox 727 1274 866 1327; x_wconf 89' lang='lat' dir='ltr'>inquit</span> <span class='ocrx_word' id='word_1_135' title='bbox 901 1273 1270 1327; x_wconf 69' lang='lat' dir='ltr'>‘philosophorum</span> <span class='ocrx_word' id='word_1_136' title='bbox 1301 1271 1470 1324; x_wconf 86' lang='lat' dir='ltr'>amplis·</span> <span class='ocrx_word' id='word_1_137' title='bbox 1491 1287 1525 1312; x_wconf 80' lang='lat'>20</span> 
     </span>
     <span class='ocr_line' id='line_1_22' title="bbox 129 1330 1471 1388; baseline -0.004 -13"><span class='ocrx_word' id='word_1_138' title='bbox 129 1335 245 1388; x_wconf 88' lang='lat' dir='ltr'>sime,</span> <span class='ocrx_word' id='word_1_139' title='bbox 277 1335 478 1387; x_wconf 89' lang='lat' dir='ltr'>quoniam</span> <span class='ocrx_word' id='word_1_140' title='bbox 509 1334 762 1387; x_wconf 89' lang='lat' dir='ltr'>respondere</span> <span class='ocrx_word' id='word_1_141' title='bbox 794 1347 870 1373; x_wconf 87' lang='lat' dir='ltr'>nos</span> <span class='ocrx_word' id='word_1_142' title='bbox 900 1332 991 1384; x_wconf 87' lang='lat' dir='ltr'>tibi,</span> <span class='ocrx_word' id='word_1_143' title='bbox 1025 1346 1129 1384; x_wconf 90' lang='lat' dir='ltr'>quos</span> <span class='ocrx_word' id='word_1_144' title='bbox 1156 1344 1279 1371; x_wconf 84' lang='lat' dir='ltr'>vocas</span> <span class='ocrx_word' id='word_1_145' title='bbox 1307 1330 1471 1381; x_wconf 85' lang='lat' dir='ltr'>idiotas,</span> 
     </span>
     <span class='ocr_line' id='line_1_23' title="bbox 127 1388 1471 1445; baseline -0.004 -12"><span class='ocrx_word' id='word_1_146' title='bbox 127 1408 214 1433; x_wconf 91' lang='lat' dir='ltr'>non</span> <span class='ocrx_word' id='word_1_147' title='bbox 257 1393 443 1445; x_wconf 82' lang='lat' dir='ltr'>quimus,</span> <span class='ocrx_word' id='word_1_148' title='bbox 487 1392 654 1433; x_wconf 87' lang='lat' dir='ltr'>recitari</span> <span class='ocrx_word' id='word_1_149' title='bbox 692 1407 742 1432; x_wconf 81' lang='lat' dir='ltr'>ex</span> <span class='ocrx_word' id='word_1_150' title='bbox 779 1392 907 1443; x_wconf 90' lang='lat' dir='ltr'>libro,</span> <span class='ocrx_word' id='word_1_151' title='bbox 952 1391 1053 1443; x_wconf 87' lang='lat' dir='ltr'>quid</span> <span class='ocrx_word' id='word_1_152' title='bbox 1091 1390 1140 1430; x_wconf 88' lang='lat' dir='ltr'>de</span> <span class='ocrx_word' id='word_1_153' title='bbox 1177 1388 1471 1429; x_wconf 89' lang='lat' dir='ltr'>huiuscemodi</span> 
     </span>
     <span class='ocr_line' id='line_1_24' title="bbox 128 1447 1471 1506; baseline -0.004 -15"><span class='ocrx_word' id='word_1_154' title='bbox 128 1451 493 1506; x_wconf 83' lang='lat' dir='ltr'>magniloquentia</span> <span class='ocrx_word' id='word_1_155' title='bbox 532 1454 668 1491; x_wconf 86' lang='lat' dir='ltr'>vestra</span> <span class='ocrx_word' id='word_1_156' title='bbox 707 1450 883 1490; x_wconf 84' lang='lat' dir='ltr'>senserit</span> <span class='ocrx_word' id='word_1_157' title='bbox 918 1448 1152 1501; x_wconf 83' lang='lat' dir='ltr'>dixeritque</span> <span class='ocrx_word' id='word_1_158' title='bbox 1184 1447 1471 1500; x_wconf 79' lang='lat' dir='ltr'>Epictetus,</span> 
     </span>
     <span class='ocr_line' id='line_1_25' title="bbox 130 1505 1470 1561; baseline -0.004 -11"><span class='ocrx_word' id='word_1_159' title='bbox 130 1509 369 1550; x_wconf 78' lang='lat' dir='ltr'>Stoicorum</span> <span class='ocrx_word' id='word_1_160' title='bbox 407 1509 649 1561; x_wconf 77' lang='lat' dir='ltr'>maximus,’</span> <span class='ocrx_word' id='word_1_161' title='bbox 692 1508 897 1560; x_wconf 88' lang='lat' dir='ltr'>iussitque</span> <span class='ocrx_word' id='word_1_162' title='bbox 936 1507 1114 1560; x_wconf 87' lang='lat' dir='ltr'>proferri</span> <span class='ocrx_word' id='word_1_163' title='bbox 1153 1505 1470 1546; x_wconf 88' lang='lat' dir='ltr'>dissertatio-</span> 
     </span>
     <span class='ocr_line' id='line_1_26' title="bbox 128 1564 1524 1621; baseline -0.004 -13"><span class='ocrx_word' id='word_1_164' title='bbox 128 1583 241 1608; x_wconf 91' lang='lat' dir='ltr'>num</span> <span class='ocrx_word' id='word_1_165' title='bbox 280 1568 507 1621; x_wconf 78' lang='lat' dir='ltr'>Epicteti</span> <span class='ocrx_word' id='word_1_166' title='bbox 552 1568 860 1621; x_wconf 87' lang='lat' dir='ltr'>digestarum</span> <span class='ocrx_word' id='word_1_167' title='bbox 905 1566 962 1605; x_wconf 92' lang='lat' dir='ltr'>ab</span> <span class='ocrx_word' id='word_1_168' title='bbox 1002 1564 1216 1605; x_wconf 87' lang='lat' dir='ltr'>Arriano</span> <span class='ocrx_word' id='word_1_169' title='bbox 1258 1565 1470 1617; x_wconf 89' lang='lat' dir='ltr'>primum</span> <span class='ocrx_word' id='word_1_170' title='bbox 1492 1578 1524 1603; x_wconf 75' lang='lat'>25</span> 
     </span>
     <span class='ocr_line' id='line_1_27' title="bbox 127 1622 1472 1678; baseline -0.004 -11"><span class='ocrx_word' id='word_1_171' title='bbox 127 1627 331 1678; x_wconf 90' lang='lat' dir='ltr'>librum,</span> <span class='ocrx_word' id='word_1_172' title='bbox 364 1627 408 1666; x_wconf 91' lang='lat' dir='ltr'>in</span> <span class='ocrx_word' id='word_1_173' title='bbox 441 1640 524 1678; x_wconf 88' lang='lat' dir='ltr'>quo</span> <span class='ocrx_word' id='word_1_174' title='bbox 557 1627 628 1666; x_wconf 91' lang='lat' dir='ltr'>ille</span> <span class='ocrx_word' id='word_1_175' title='bbox 660 1625 920 1665; x_wconf 85' lang='lat' dir='ltr'>venerandus</span> <span class='ocrx_word' id='word_1_176' title='bbox 954 1638 1079 1664; x_wconf 82' lang='lat' dir='ltr'>senex</span> <span class='ocrx_word' id='word_1_177' title='bbox 1111 1623 1294 1674; x_wconf 84' lang='lat' dir='ltr'>iuvenes,</span> <span class='ocrx_word' id='word_1_178' title='bbox 1327 1622 1400 1675; x_wconf 88' lang='lat' dir='ltr'>qui</span> <span class='ocrx_word' id='word_1_179' title='bbox 1429 1636 1472 1661; x_wconf 89' lang='lat' dir='ltr'>se</span> 
     </span>
     <span class='ocr_line' id='line_1_28' title="bbox 130 1680 1472 1738; baseline -0.004 -13"><span class='ocrx_word' id='word_1_180' title='bbox 130 1684 295 1725; x_wconf 84' lang='lat' dir='ltr'>Stoicos</span> <span class='ocrx_word' id='word_1_181' title='bbox 327 1685 610 1738; x_wconf 75' lang='lat' dir='ltr'>appellabant,</span> <span class='ocrx_word' id='word_1_182' title='bbox 642 1698 777 1736; x_wconf 89' lang='lat' dir='ltr'>neque</span> <span class='ocrx_word' id='word_1_183' title='bbox 803 1682 938 1736; x_wconf 85' lang='lat' dir='ltr'>frugis</span> <span class='ocrx_word' id='word_1_184' title='bbox 964 1696 1099 1734; x_wconf 85' lang='lat' dir='ltr'>neque</span> <span class='ocrx_word' id='word_1_185' title='bbox 1127 1695 1276 1734; x_wconf 88' lang='lat' dir='ltr'>operae</span> <span class='ocrx_word' id='word_1_186' title='bbox 1303 1680 1472 1734; x_wconf 87' lang='lat' dir='ltr'>probae,</span> 
     </span>
     <span class='ocr_line' id='line_1_29' title="bbox 130 1739 1472 1795; baseline -0.004 -11"><span class='ocrx_word' id='word_1_187' title='bbox 130 1744 202 1784; x_wconf 88' lang='lat' dir='ltr'>sed</span> <span class='ocrx_word' id='word_1_188' title='bbox 244 1743 516 1783; x_wconf 88' lang='lat' dir='ltr'>theorematis</span> <span class='ocrx_word' id='word_1_189' title='bbox 560 1744 726 1782; x_wconf 90' lang='lat' dir='ltr'>tantum</span> <span class='ocrx_word' id='word_1_190' title='bbox 770 1741 997 1795; x_wconf 87' lang='lat' dir='ltr'>nugalibus</span> <span class='ocrx_word' id='word_1_191' title='bbox 1042 1743 1083 1780; x_wconf 90' lang='lat' dir='ltr'>et</span> <span class='ocrx_word' id='word_1_192' title='bbox 1126 1739 1351 1792; x_wconf 89' lang='lat' dir='ltr'>puerilium</span> <span class='ocrx_word' id='word_1_193' title='bbox 1395 1739 1472 1778; x_wconf 89' lang='lat' dir='ltr'>isa-</span> 
     </span>
     <span class='ocr_line' id='line_1_30' title="bbox 130 1797 1472 1856; baseline -0.004 -14"><span class='ocrx_word' id='word_1_194' title='bbox 130 1816 335 1856; x_wconf 89' lang='lat' dir='ltr'>gogarum</span> <span class='ocrx_word' id='word_1_195' title='bbox 374 1800 800 1842; x_wconf 87' lang='lat' dir='ltr'>commentationibus</span> <span class='ocrx_word' id='word_1_196' title='bbox 839 1799 1146 1839; x_wconf 88' lang='lat' dir='ltr'>deblaterantes</span> <span class='ocrx_word' id='word_1_197' title='bbox 1179 1797 1472 1852; x_wconf 87' lang='lat' dir='ltr'>obiurgatione</span> 
     </span>
     <span class='ocr_line' id='line_1_31' title="bbox 130 1860 1526 1900; baseline -0.004 0"><span class='ocrx_word' id='word_1_198' title='bbox 130 1861 240 1900; x_wconf 87' lang='lat' dir='ltr'>iusta</span> <span class='ocrx_word' id='word_1_199' title='bbox 271 1860 483 1900; x_wconf 86' lang='lat' dir='ltr'>incessuit.</span> <span class='ocrx_word' id='word_1_200' title='bbox 1492 1871 1526 1895; x_wconf 86' lang='lat'>30</span> 
     </span>
    </p>

    <p class='ocr_par' dir='ltr' id='par_1_4' title="bbox 97 1915 1491 2029">
     <span class='ocr_line' id='line_1_32' title="bbox 97 1915 1473 1972; baseline -0.005 -13"><span class='ocrx_word' id='word_1_201' title='bbox 97 1929 115 1960; x_wconf 82' lang='lat'>7</span> <span class='ocrx_word' id='word_1_202' title='bbox 218 1918 345 1958; x_wconf 84' lang='lat' dir='ltr'>Lecta</span> <span class='ocrx_word' id='word_1_203' title='bbox 383 1918 514 1972; x_wconf 87' lang='lat' dir='ltr'>igitur</span> <span class='ocrx_word' id='word_1_204' title='bbox 551 1920 649 1957; x_wconf 88' lang='lat' dir='ltr'>sunt</span> <span class='ocrx_word' id='word_1_205' title='bbox 690 1931 740 1957; x_wconf 77' lang='lat' dir='ltr'>ex</span> <span class='ocrx_word' id='word_1_206' title='bbox 778 1916 906 1968; x_wconf 87' lang='lat' dir='ltr'>libro,</span> <span class='ocrx_word' id='word_1_207' title='bbox 951 1915 1024 1967; x_wconf 91' lang='lat' dir='ltr'>qui</span> <span class='ocrx_word' id='word_1_208' title='bbox 1062 1915 1251 1968; x_wconf 89' lang='lat' dir='ltr'>prolatus</span> <span class='ocrx_word' id='word_1_209' title='bbox 1290 1916 1369 1965; x_wconf 89' lang='lat' dir='ltr'>est,</span> <span class='ocrx_word' id='word_1_210' title='bbox 1414 1927 1473 1964; x_wconf 84' lang='lat' dir='ltr'>ea,</span> 
     </span>
     <span class='ocr_line' id='line_1_33' title="bbox 132 1971 1491 2029; baseline -0.005 -12"><span class='ocrx_word' id='word_1_211' title='bbox 132 1991 238 2029; x_wconf 90' lang='lat' dir='ltr'>quae</span> <span class='ocrx_word' id='word_1_212' title='bbox 275 1977 434 2028; x_wconf 77' lang='lat' dir='ltr'>addidi3</span> <span class='ocrx_word' id='word_1_213' title='bbox 479 1976 631 2028; x_wconf 88' lang='lat' dir='ltr'>quibus</span> <span class='ocrx_word' id='word_1_214' title='bbox 676 1975 813 2015; x_wconf 84' lang='lat' dir='ltr'>verbis</span> <span class='ocrx_word' id='word_1_215' title='bbox 852 1973 1120 2027; x_wconf 86' lang='lat' dir='ltr'>Epictetus</span> <span class='ocrx_word' id='word_1_216' title='bbox 1166 1986 1306 2012; x_wconf 90' lang='lat' dir='ltr'>severe</span> <span class='ocrx_word' id='word_1_217' title='bbox 1347 1971 1491 2015; x_wconf 33' lang='lat' dir='ltr'>simul-</span> 
     </span>
    </p>
   </div>
   <div class='ocr_carea' id='block_1_3' title="bbox 203 2054 414 2057">
    <p class='ocr_par' dir='ltr' id='par_1_5' title="bbox 203 2054 414 2057">
     <span class='ocr_line' id='line_1_34' title="bbox 203 2054 414 2057; baseline 0 0"><span class='ocrx_word' id='word_1_218' title='bbox 203 2054 414 2057; x_wconf 95' lang='lat' dir='ltr'> </span> 
     </span>
    </p>
   </div>
   <div class='ocr_carea' id='block_1_4' title="bbox 130 2084 1491 2320">
    <p class='ocr_par' dir='ltr' id='par_1_6' title="bbox 130 2084 1491 2320">
     <span class='ocr_line' id='line_1_35' title="bbox 227 2084 1491 2133; baseline -0.006 -9"><span class='ocrx_word' id='word_1_219' title='bbox 227 2095 242 2124; x_wconf 94' lang='lat'>1</span> <span class='ocrx_word' id='word_1_220' title='bbox 272 2092 519 2133; x_wconf 87' lang='lat' dir='ltr'>quotcumque</span> <span class='ocrx_word' id='word_1_221' title='bbox 555 2104 581 2123; x_wconf 90' lang='grc' dir='ltr'>ω</span> <span class='ocrx_word' id='word_1_222' title='bbox 613 2100 701 2124; x_wconf 81' lang='lat' dir='ltr'>corr.</span> <span class='ocrx_word' id='word_1_223' title='bbox 730 2091 820 2132; x_wconf 64' lang='lat'>3118</span> <span class='ocrx_word' id='word_1_224' title='bbox 853 2087 1079 2122; x_wconf 86' lang='lat' dir='ltr'>confinitima</span> <span class='ocrx_word' id='word_1_225' title='bbox 1112 2088 1176 2120; x_wconf 85' lang='lat' dir='ltr'>aut</span> <span class='ocrx_word' id='word_1_226' title='bbox 1208 2085 1393 2119; x_wconf 86' lang='lat' dir='ltr'>contraria</span> <span class='ocrx_word' id='word_1_227' title='bbox 1423 2084 1491 2131; x_wconf 78' lang='grc' dir='ltr'>βΗ</span> 
     </span>
     <span class='ocr_line' id='line_1_36' title="bbox 133 2132 1472 2180; baseline -0.005 -9"><span class='ocrx_word' id='word_1_228' title='bbox 133 2141 151 2171; x_wconf 81' lang='grc'>9</span> <span class='ocrx_word' id='word_1_229' title='bbox 178 2137 280 2171; x_wconf 82' lang='lat' dir='ltr'>labes</span> <span class='ocrx_word' id='word_1_230' title='bbox 309 2148 350 2170; x_wconf 88' lang='lat' dir='ltr'>ac</span> <span class='ocrx_word' id='word_1_231' title='bbox 377 2148 396 2170; x_wconf 83' lang='lat'><em>6</em></span> <span class='ocrx_word' id='word_1_232' title='bbox 415 2138 426 2180; x_wconf 78' lang='grc' dir='ltr'>Η</span> <span class='ocrx_word' id='word_1_233' title='bbox 448 2140 490 2169; x_wconf 88' lang='grc'>10</span> <span class='ocrx_word' id='word_1_234' title='bbox 516 2135 594 2169; x_wconf 89' lang='lat' dir='ltr'>ulla</span> <span class='ocrx_word' id='word_1_235' title='bbox 617 2139 645 2168; x_wconf 84' lang='lat' dir='ltr'><strong>R</strong></span> <span class='ocrx_word' id='word_1_236' title='bbox 664 2137 675 2179; x_wconf 78' lang='grc' dir='ltr'>Η</span> <span class='ocrx_word' id='word_1_237' title='bbox 697 2139 736 2168; x_wconf 90' lang='grc'>11</span> <span class='ocrx_word' id='word_1_238' title='bbox 764 2134 1020 2177; x_wconf 86' lang='lat' dir='ltr'>meditataque</span> <span class='ocrx_word' id='word_1_239' title='bbox 1046 2144 1157 2176; x_wconf 88' lang='lat' dir='ltr'>quam</span> <span class='ocrx_word' id='word_1_240' title='bbox 1183 2132 1253 2166; x_wconf 87' lang='lat' dir='ltr'>sibi</span> <span class='ocrx_word' id='word_1_241' title='bbox 1279 2133 1301 2177; x_wconf 89' lang='grc' dir='ltr'>β</span> <span class='ocrx_word' id='word_1_242' title='bbox 1319 2134 1330 2176; x_wconf 78' lang='grc'>11</span> <span class='ocrx_word' id='word_1_243' title='bbox 1352 2135 1394 2165; x_wconf 74' lang='lat'>14</span> <span class='ocrx_word' id='word_1_244' title='bbox 1421 2132 1472 2176; x_wconf 89' lang='lat' dir='ltr'>et]</span> 
     </span>
     <span class='ocr_line' id='line_1_37' title="bbox 131 2178 1474 2228; baseline -0.004 -11"><span class='ocrx_word' id='word_1_245' title='bbox 131 2195 250 2226; x_wconf 86' lang='lat' dir='ltr'>neque</span> <span class='ocrx_word' id='word_1_246' title='bbox 278 2185 299 2228; x_wconf 79' lang='grc' dir='ltr'>β</span> <span class='ocrx_word' id='word_1_247' title='bbox 317 2185 327 2227; x_wconf 71' lang='lat' dir='ltr'>ll</span> <span class='ocrx_word' id='word_1_248' title='bbox 350 2186 391 2217; x_wconf 82' lang='lat'>19</span> <span class='ocrx_word' id='word_1_249' title='bbox 424 2193 559 2227; x_wconf 85' lang='lat' dir='ltr'>graeca</span> <span class='ocrx_word' id='word_1_250' title='bbox 591 2182 693 2216; x_wconf 88' lang='lat' dir='ltr'>cuius</span> <span class='ocrx_word' id='word_1_251' title='bbox 725 2193 768 2216; x_wconf 66' lang='lat' dir='ltr'>ea:</span> <span class='ocrx_word' id='word_1_252' title='bbox 793 2192 985 2226; x_wconf 85' lang='lat' dir='ltr'>grecorum</span> <span class='ocrx_word' id='word_1_253' title='bbox 1009 2184 1039 2213; x_wconf 88' lang='lat' dir='ltr'><strong>V</strong></span> <span class='ocrx_word' id='word_1_254' title='bbox 1057 2182 1068 2225; x_wconf 77' lang='grc' dir='ltr'>ΙΙ</span> <span class='ocrx_word' id='word_1_255' title='bbox 1089 2184 1130 2214; x_wconf 84' lang='lat'>21</span> <span class='ocrx_word' id='word_1_256' title='bbox 1158 2189 1248 2222; x_wconf 88' lang='lat' dir='ltr'>quos</span> <span class='ocrx_word' id='word_1_257' title='bbox 1273 2178 1411 2212; x_wconf 85' lang='lat' dir='ltr'>idiotas</span> <span class='ocrx_word' id='word_1_258' title='bbox 1438 2180 1474 2211; x_wconf 87' lang='lat' dir='ltr'>et</span> 
     </span>
     <span class='ocr_line' id='line_1_38' title="bbox 130 2224 1475 2275; baseline -0.004 -11"><span class='ocrx_word' id='word_1_259' title='bbox 130 2231 239 2264; x_wconf 87' lang='lat' dir='ltr'>rudes</span> <span class='ocrx_word' id='word_1_260' title='bbox 259 2241 366 2264; x_wconf 83' lang='lat' dir='ltr'>vocas</span> <span class='ocrx_word' id='word_1_261' title='bbox 388 2231 410 2275; x_wconf 83' lang='grc' dir='ltr'>β</span> <span class='ocrx_word' id='word_1_262' title='bbox 428 2232 439 2273; x_wconf 74' lang='grc' dir='ltr'>Η</span> <span class='ocrx_word' id='word_1_263' title='bbox 459 2234 503 2262; x_wconf 82' lang='grc'>24</span> <span class='ocrx_word' id='word_1_264' title='bbox 528 2229 590 2262; x_wconf 90' lang='lat' dir='ltr'>uel</span> <span class='ocrx_word' id='word_1_265' title='bbox 609 2228 789 2262; x_wconf 83' lang='lat' dir='ltr'>maximus</span> <span class='ocrx_word' id='word_1_266' title='bbox 810 2229 832 2273; x_wconf 85' lang='grc' dir='ltr'>β</span> <span class='ocrx_word' id='word_1_267' title='bbox 850 2230 861 2270; x_wconf 81' lang='grc' dir='ltr'>ΙΙ</span> <span class='ocrx_word' id='word_1_268' title='bbox 881 2231 924 2261; x_wconf 75' lang='grc'>25</span> <span class='ocrx_word' id='word_1_269' title='bbox 946 2227 1147 2261; x_wconf 79' lang='lat' dir='ltr'>secundum</span> <span class='ocrx_word' id='word_1_270' title='bbox 1169 2226 1296 2261; x_wconf 77' lang='lat' dir='ltr'>Carrio</span> <span class='ocrx_word' id='word_1_271' title='bbox 1316 2227 1327 2269; x_wconf 78' lang='grc' dir='ltr'>ΙΙ</span> <span class='ocrx_word' id='word_1_272' title='bbox 1347 2227 1389 2258; x_wconf 81' lang='lat'>29</span> <span class='ocrx_word' id='word_1_273' title='bbox 1411 2224 1475 2258; x_wconf 91' lang='lat' dir='ltr'>de-</span> 
     </span>
     <span class='ocr_line' id='line_1_39' title="bbox 130 2272 1428 2320; baseline -0.004 -9"><span class='ocrx_word' id='word_1_274' title='bbox 130 2277 317 2311; x_wconf 82' lang='lat' dir='ltr'>blatantes</span> <span class='ocrx_word' id='word_1_275' title='bbox 337 2280 366 2309; x_wconf 81' lang='lat' dir='ltr'>V</span> <span class='ocrx_word' id='word_1_276' title='bbox 393 2288 429 2310; x_wconf 80' lang='lat' dir='ltr'>se</span> <span class='ocrx_word' id='word_1_277' title='bbox 452 2304 457 2309; x_wconf 92' lang='lat'><em>.</em></span> <span class='ocrx_word' id='word_1_278' title='bbox 482 2304 486 2309; x_wconf 93' lang='lat'>.</span> <span class='ocrx_word' id='word_1_279' title='bbox 510 2276 738 2309; x_wconf 79' lang='lat' dir='ltr'>oblectantes</span> <span class='ocrx_word' id='word_1_280' title='bbox 765 2276 786 2320; x_wconf 86' lang='grc' dir='ltr'>β</span> <span class='ocrx_word' id='word_1_281' title='bbox 805 2276 815 2318; x_wconf 83' lang='grc' dir='ltr'>Η</span> <span class='ocrx_word' id='word_1_282' title='bbox 837 2278 878 2308; x_wconf 79' lang='lat'>32</span> <span class='ocrx_word' id='word_1_283' title='bbox 901 2273 1047 2308; x_wconf 83' lang='lat' dir='ltr'>addidit</span> <span class='ocrx_word' id='word_1_284' title='bbox 1073 2287 1099 2307; x_wconf 90' lang='grc' dir='ltr'><em>ω</em></span> <span class='ocrx_word' id='word_1_285' title='bbox 1126 2283 1214 2307; x_wconf 82' lang='lat' dir='ltr'>corr.</span> <span class='ocrx_word' id='word_1_286' title='bbox 1236 2272 1428 2315; x_wconf 73' lang='lat' dir='ltr'>Scioppius</span> 
     </span>
    </p>
   </div>
  </div>
 </body>
</html>
