1611 2474
164 60 244 101 186
747 60 797 94 IV
823 65 859 102 3;
886 65 906 95 4

160 168 453 222 mancipioque
500 167 581 208 alia
624 168 881 208 matrimonii
924 182 1047 209 causa
1089 168 1215 221 foret⁷
1264 168 1341 209 hac
1385 170 1487 210 anti-

160 227 362 281 quissima
393 227 503 280 lege
535 227 787 280 ostenditur,
819 241 945 280 quam
975 226 1162 268 Numae
1193 227 1326 282 regis
1357 228 1486 269 fuisse

159 286 395 339 accepimus
417 284 545 337 (FIR
558 299 598 337 p.
620 288 647 326 8
662 286 715 337 fr.
735 288 765 326 2
784 285 1088 338 12).135B1·2):
1114 285 1295 327 Paelex
1320 286 1485 328 aedem

158 343 366 385 Iunonis
404 358 461 384 ne
499 344 716 399 tangito3
756 345 796 384 si
827 345 1011 399 tangit,
1047 343 1227 385 lunoni
1260 345 1484 386 crinibus

159 403 389 443 demissis
421 417 599 456 agnum
632 402 865 443 feminam
897 403 1104 443 caedito.
1522 420 1537 446 5

247 461 429 501 ‘Paelex'
458 464 596 501 autem
624 462 743 515 quasi
768 461 946 511 πάλλαξ,
973 462 1016 502 id
1041 465 1104 502 est
1127 462 1245 515 quasi
1264 464 1484 511 παλλακίς.

157 519 215 560 Vt
244 519 442 573 pleraque
469 520 561 574 alia,
594 521 652 560 ita
678 521 757 561 hoc
783 534 949 574 quoque
974 520 1225 561 vocabulum
1251 520 1300 561 de
1327 519 1484 562 Graeco

158 578 313 619 flexum
346 581 419 619 est.

793 683 854 725 IV

157 763 252 805 Quid
279 764 422 798 Servius
450 764 633 808 Sulpicius
659 765 696 797 in
722 764 833 806 libro,
866 765 928 808 qui
955 767 1009 799 est
1035 766 1079 799 de
1106 766 1269 807 dotibus,
1297 766 1484 809 scripserit
1504 775 1536 799 10

203 812 247 845 de
274 812 351 845 iure
378 813 488 854 atque
514 822 612 845 more
638 813 801 845 veterum
827 812 1103 856 sponsaliorum.

122 910 139 939 1
245 894 467 949 Sponsalia
499 895 543 936 in
575 909 622 936 ea
652 898 771 949 parte
803 894 966 949 Italiae,
1005 911 1109 949 quae
1141 896 1308 937 Latium
1344 897 1482 950 appel-

154 953 276 1008 latur,
307 954 387 994 hoc
411 968 527 995 more
553 956 678 1007 atque
704 955 791 995 iure
818 954 943 995 solita
968 955 1058 995 fieri
1084 955 1252 1008 scripsit
1278 954 1481 996 Servius

156 1012 414 1066 Sulpicius
435 1014 479 1053 in
498 1012 648 1066 libro,
674 1028 797 1066 quem
818 1014 987 1066 scripsit
1005 1013 1060 1054 de
1082 1014 1284 1054 dotibus
1306 1014 1481 1066 (f'r.2II.

120 1086 190 1123 22).
215 1075 304 1113 226
323 1071 433 1125 Br.):
467 1071 558 1121 Qui
593 1086 796 1112 uxorem
827 1072 966 1125 inquit
998 1072 1237 1113 ducturus
1270 1075 1393 1126 erat,
1424 1073 1481 1113 ab
1504 1089 1535 1115 15

154 1144 225 1183 eo,
276 1131 401 1171 unde
451 1130 673 1172 ducenda
723 1133 845 1183 erat,
896 1131 1241 1184 stipulabatur
1288 1145 1389 1171 eam
1433 1132 1483 1172 in

154 1189 529 1230 matrimonium
580 1189 745 1230 datum
790 1189 864 1230 iri.
938 1189 1031 1238 Qui
1075 1190 1314 1230 ducturus
1359 1192 1482 1243 erat,

153 1248 328 1288 itidem
355 1248 645 1302 spondebat.
696 1247 743 1288 Is
769 1250 1061 1289 contractus
1088 1248 1481 1302 stipulationum

153 1307 614 1361 sponsionumque
641 1307 926 1348 dicebatur
953 1307 1275 1360 ‘sponsalia’.
1329 1307 1481 1359 Tunc,

153 1380 276 1418 quae
307 1367 554 1419 promissa
585 1368 708 1419 erat,
742 1366 954 1419 ‘sponsa’
988 1366 1360 1420 appellabatur,
1395 1367 1480 1420 qui
1501 1383 1534 1407 «ω

153 1425 492 1478 spoponderat
531 1425 812 1477 ducturum,
851 1425 1104 1478 ‘sponsus'.
1169 1423 1262 1465 Sed
1294 1426 1335 1465 si
1365 1428 1481 1478 post

152 1497 231 1523 eas
282 1483 637 1536 stipulationis
687 1498 810 1524 uxor
858 1497 954 1524 non
1001 1483 1213 1523 dabatur
1256 1486 1340 1524 aut
1382 1497 1481 1524 non

152 1541 442 1595 ducebatur,
475 1542 558 1595 qui
591 1541 951 1595 stipulabatur,
985 1556 1040 1582 ex
1072 1556 1259 1595 sponsu
1288 1542 1479 1597 agebat.

150 1599 348 1641 Iudices
379 1600 761 1655 cognoscebant.
817 1599 988 1653 Iudex,
1021 1601 1339 1654 quamobrem
1366 1601 1480 1642 data

150 1662 418 1713 acceptave
452 1673 550 1700 non
581 1662 713 1700 esset
743 1673 883 1713 uxor,
921 1659 1203 1712 quaerebat.
1267 1658 1317 1700 Si
1347 1659 1478 1700 nihil
1499 1675 1531 1701 25

151 1718 313 1759 iustae
357 1732 533 1759 causae
578 1718 861 1770 videbatur,
904 1717 1044 1758 litem
1082 1719 1293 1771 pecunia
1330 1719 1479 1760 aesti-

244 1849 263 1879 6
279 1857 356 1889 sqq.
383 1845 475 1879 Non.
496 1845 511 1879 J
537 1858 570 1889 p.
593 1849 624 1887 6,
648 1848 688 1878 18
834 1849 874 1878 12
890 1856 966 1888 sqq.
993 1844 1107 1878 Varro
1133 1845 1155 1878 l.
1177 1845 1198 1879 l.
1220 1844 1269 1879 VI
1289 1849 1320 1888 7,
1341 1849 1383 1879 69
1399 1857 1477 1890 sqq.

151 1891 246 1925 Serv.
272 1892 313 1925 A.
342 1893 373 1925 X
399 1896 442 1926 79
586 1896 629 1925 20
661 1892 682 1925 l.
711 1892 722 1925 l
760 1891 851 1925 Non.
879 1891 911 1925 V
937 1904 970 1935 p.
998 1896 1076 1934 439,
1104 1895 1123 1924 9
1155 1892 1236 1936 Dig.
1264 1892 1379 1926 XXHI
1400 1897 1430 1936 1,
1457 1897 1476 1926 2

149 1939 300 1982 (Arnob.
317 1939 367 1973 IV
388 1942 444 1984 20)

244 2060 263 2089 3
290 2067 391 2090 aram
417 2056 639 2102 Paulzt31114
664 2056 853 2100 inscripsit
878 2055 1066 2101 Huschkefl
1082 2060 1123 2090 16
1150 2067 1232 2090 eum
1254 2056 1307 2102 ΒΗ
1322 2059 1362 2089 17
1390 2056 1477 2090 duc-

149 2104 272 2136 turum
291 2103 346 2136 iri.
387 2102 453 2137 Cui
473 2117 499 2136 ω
518 2113 607 2137 corr.
631 2104 730 2145 Otho,
750 2104 813 2146 qui
834 2108 909 2137 tum
929 2103 1101 2144 daturus;
1121 2104 1233 2146 plura
1251 2104 1428 2146 supplevit
1445 2108 1478 2137 et

149 2150 188 2183 id
214 2150 333 2184 eidem
359 2151 495 2193 (malim.
520 2150 616 2196 (id)
642 2150 784 2194 itidem)
810 2151 851 2184 in
874 2162 905 2184 v.
926 2153 973 2184 18
992 2151 1135 2193 scripsit
1155 2151 1261 2184 Mms.
1287 2151 1475 2192 daturum3

149 2197 300 2230 ductum
325 2197 387 2239 iri,
420 2197 483 2239 qui
509 2198 633 2239 Hertz,
658 2198 725 2231 aliz·
749 2197 854 2231 aliter
877 2199 889 2240 ll
916 2200 957 2230 19
982 2196 1089 2230 Nunc
1113 2200 1143 2229 R
1167 2199 1178 2240 Η
1204 2201 1244 2230 21
1278 2198 1476 2241 sponderat

149 2246 219 2288 (-ra
237 2246 280 2287 R)
300 2243 407 2287 ω1122
435 2254 478 2278 ea
498 2257 524 2277 ω
537 2244 549 2289 Η
562 2248 605 2277 23
632 2244 830 2288 stipulatus
855 2243 976 2277 fuerat
1001 2243 1095 2290 <aut
1116 2244 1179 2286 qui
1199 2244 1474 2290 spoponderat>

151 2292 213 2326 Gr.
234 2293 245 2335 ΙΙ
266 2295 308 2325 24
333 2291 409 2324 Iud.
432 2302 460 2324 c.
481 2291 546 2325 del.
570 2292 675 2325 Mms.
696 2293 707 2334 ΙΙ
728 2295 770 2324 25
796 2290 927 2325 fuisset
945 2294 974 2323 R
992 2292 1003 2334 Η
1024 2294 1066 2324 26
1092 2290 1315 2325 uidebantur
1331 2295 1392 2324 Pv
