1602 2484
593 84 829 119 CAPITVLA
856 84 940 117 LIB.
970 84 983 117 Ἰ
1438 84 1459 123 ἵ

198 195 257 237 VI
290 195 432 236 Verba
458 210 507 236 ex
536 195 730 235 oratione
758 192 918 233 Metelli
944 191 1172 245 Numidici,
1201 207 1327 245 quam
1357 192 1463 233 dixit

108 256 151 296 in
186 270 360 297 censura
393 255 444 295 ad
477 254 696 307 populum,
731 267 826 293 cum
861 266 955 292 cum
990 252 1040 291 ad
1070 266 1222 291 uxores
1250 251 1462 292 ducendas

106 315 418 368 adhortaretur,
451 328 582 366 eaque
613 312 746 354 oratio
776 325 901 364 quam
930 310 983 351 ob
1011 324 1179 351 causam
1207 311 1463 363 reprehensa

107 376 149 415 et
183 387 268 427 quo
301 375 450 413 contra
482 372 609 413 modo
643 371 815 411 defensa
847 371 913 411 sit.

201 431 280 473 VH
318 431 367 472 In
405 432 521 472 hisce
560 431 698 471 verbis
737 428 951 469 Ciceronis
991 443 1041 469 ex
1081 429 1272 469 oratione
1312 429 1461 482 quinta

107 492 152 532 in
186 491 361 532 Verrem
403 491 525 531 “hanc
564 490 645 530 sibi
684 504 768 530 reni
803 488 1012 541 praesidio
1048 490 1218 541 sperant
1250 489 1458 528 futurum’

106 566 242 605 neque
274 550 473 591 mendum
506 563 595 590 esse
625 562 760 602 neque
788 548 952 599 vitium,
986 561 1207 600 errareque
1236 547 1352 600 istos,
1387 548 1458 601 qui

106 610 242 651 bonos
280 610 411 650 libros
450 609 612 649 violant
651 611 693 648 et
732 608 949 646 ‘futuram'
991 605 1199 660 scribunt3
1239 609 1367 660 atque
1401 606 1458 647 ibi

105 669 157 709 de
198 669 381 723 quodam
420 668 501 708 alio
537 666 748 708 Ciceronis
788 666 915 706 verbo
957 665 1134 718 dictum,
1174 665 1288 718 quod
1327 666 1460 719 probe

107 729 312 781 scriptum
370 741 589 781 perperam
647 728 853 778 mutatur3
911 727 952 764 et
1006 739 1173 777 aspersa
1224 739 1357 778 pauca
1411 725 1460 765 de

106 787 291 827 modulis
328 786 600 839 numerisque
637 785 858 837 orationis,
898 798 1002 837 quos
1038 782 1185 824 Cicero
1219 783 1340 824 avide
1374 798 1459 825 sec-

105 849 223 887 tatus
257 848 330 886 est.

195 904 299 945 VIII
335 904 527 945 Historia
558 904 603 945 in
633 902 753 943 libris
788 901 976 942 Sotionis
1010 901 1258 955 philosophi
1290 905 1458 955 reperta

105 978 234 1017 super
264 963 393 1004 Laide
426 963 644 1004 meretrice
677 964 717 1002 et
751 961 1036 1002 Demosthene
1068 961 1248 1001 rhetore.

195 1022 257 1064 IX
289 1022 391 1072 Quis
423 1022 573 1063 modus
599 1021 738 1073 fuerit,
773 1021 866 1074 quis
894 1020 995 1060 ordo
1024 1020 1272 1073 disciplinae
1297 1019 1459 1073 Pytha-

106 1083 285 1137 goricae,
324 1084 612 1135 quantumque
646 1080 848 1133 temporis
883 1080 1134 1132 imperatum
1169 1079 1459 1120 observatum-

108 1156 190 1195 que
225 1142 279 1182 sit
312 1140 500 1181 discendi
533 1139 660 1180 simul
693 1153 741 1179 ac
774 1139 951 1179 tacendi.

197 1200 235 1240 X
274 1200 435 1248 Quibus
472 1199 611 1240 verbis
652 1197 967 1251 compellaverit
999 1196 1234 1238 Favorinus
1270 1197 1459 1251 philoso-

104 1260 216 1314 phus
260 1260 402 1300 adules
418 1261 580 1299 centem
624 1271 740 1298 casce
784 1257 910 1297 nimis
951 1259 993 1296 et
1030 1256 1166 1309 prisce
1202 1256 1459 1310 loquentem.

198 1317 259 1359 XI
279 1317 672 1371 QuodThucydides
695 1317 875 1369 scriptor
894 1316 1079 1356 inclutus
1094 1315 1453 1356 Lacedaemonios

106 1377 152 1418 in
183 1378 270 1419 acie
302 1391 389 1418 non
421 1376 540 1430 tuba,
580 1376 651 1416 sed
684 1375 801 1415 tibiis
834 1389 922 1415 esse
955 1389 1053 1415 usos
1088 1374 1207 1428 dicit,
1243 1375 1454 1428 verbaque

107 1437 197 1477 eius
230 1452 355 1490 super
387 1451 435 1476 ea
466 1451 509 1476 re
541 1437 697 1489 posita3
734 1434 930 1488 quodque
962 1433 1204 1474 Herodotus
1238 1433 1455 1488 Alyattem

106 1510 252 1550 regem
301 1495 493 1536 fidicinas
538 1496 582 1535 in
624 1494 846 1548 procinctu
890 1492 1090 1533 habuisse
1135 1493 1280 1545 tradit3
1330 1496 1457 1546 atque

107 1555 217 1595 inibi
262 1554 467 1608 quaedam
511 1556 658 1594 notata
695 1553 744 1593 de
785 1551 963 1593 Gracchi
1000 1552 1143 1592 fistula
1182 1552 1456 1593 contionaria.

196 1612 280 1654 XII
317 1613 450 1668 Virgo
484 1612 638 1654 Vestae
673 1612 774 1666 quid
806 1612 956 1652 aetatis
989 1614 1030 1652 et
1063 1626 1113 1652 ex
1146 1612 1261 1664 quali
1293 1611 1456 1651 familia

106 1676 150 1713 et
188 1687 271 1726 quo
308 1673 395 1713 ritu
434 1672 671 1726 quibusque
711 1671 978 1712 caerimoniis
1017 1673 1057 1710 et
1095 1670 1374 1724 religionibus
1408 1684 1455 1710 ac

106 1745 191 1785 quo
224 1732 395 1772 nomine
427 1747 449 1771 a
475 1731 674 1784 pontifice
701 1730 886 1770 maximo
913 1730 1104 1782 capiatur
1130 1732 1172 1769 et
1199 1743 1282 1782 quo
1310 1729 1455 1769 statim

107 1790 197 1831 iure
237 1805 325 1831 esse
357 1791 533 1843 incipiat
566 1789 691 1830 simul
723 1792 849 1842 atque
882 1791 1004 1841 capta
1035 1791 1116 1842 est3
1156 1788 1370 1841 quodque,
1408 1791 1455 1828 ut

106 1849 247 1890 Labeo
280 1849 394 1901 dicit,
425 1863 502 1889 nec
534 1849 733 1889 intestato
768 1848 964 1901 cuiquam
996 1861 1073 1888 nec
1106 1847 1194 1887 eius
1228 1847 1453 1887 intestatae

107 1909 335 1962 quisquam
367 1909 457 1949 iure
488 1908 609 1948 heres
643 1910 716 1948 est.

196 1966 300 2007 XIII
333 1967 579 2016 Quaesitum
613 1981 702 2007 esse
728 1966 772 2006 in
797 1965 1081 2019 philosophia,
1115 1965 1317 2018 quidnam
1343 1965 1454 2005 foret

106 2026 152 2066 in
188 2029 357 2080 recepto
394 2026 591 2067 mandato
624 2026 798 2077 rectius,
836 2024 932 2064 idne
965 2024 1137 2064 0111111110
1170 2023 1307 2064 facere
1340 2024 1453 2077 quod

106 2085 353 2125 mandatum
391 2088 471 2138 est,
517 2100 569 2125 an
605 2098 925 2137 nonnumquam
964 2083 1092 2123 etiam
1131 2085 1294 2136 contra,
1337 2083 1372 2124 si
1411 2082 1455 2122 id

106 2158 248 2197 speies
276 2145 324 2197 ei,
357 2145 430 2197 qui
455 2143 684 2196 mandavit,
709 2143 856 2183 utilius
882 2142 989 2195 fore3
1023 2156 1231 2195 superque
1258 2156 1306 2182 ea
1329 2156 1453 2195 quae-

106 2203 244 2250 stione
276 2203 491 2256 expositae
525 2203 711 2243 diversae
744 2202 987 2242 sententiae.

134 2256 180 2309 s
192 2261 295 2302 XIV
339 2261 450 2310 Quid
488 2261 641 2302 dixerit
678 2260 908 2313 feceritque
948 2258 989 2300 C.
1022 2259 1259 2313 Fabricius,
1297 2274 1452 2315 magua

109 2319 172 2360 vir
195 2320 330 2375 gloria
350 2321 599 2374 mao'nisque
619 2319 744 2360 rebus
765 2319 908 2374 gestis,
934 2319 1006 2359 sed
1025 2318 1212 2359 familiae
1232 2319 1451 2372 pecuniae-
