1611 2474
154 34 240 75 274
657 35 706 68 VI
732 35 824 79 (VII)
852 39 910 77 173
940 38 981 68 18

213 142 333 182 zideo
377 145 430 182 ut
474 144 685 182 aetatem
731 142 873 182 ambo
918 143 1158 184 ambobus
1202 144 1345 184 nobis
1385 145 1485 184 sint

314 250 318 254 ι
927 201 1132 242 obnoxii

213 260 386 299 nostro
420 258 646 299 devincti
674 259 939 299 beneficio.

99 346 140 376 13
157 334 247 383 Qua
280 349 375 375 vero
408 335 479 375 ille
512 336 811 388 grammaticus
843 335 1034 376 finitione
1066 350 1165 376 usus
1197 339 1271 389 est,
1303 351 1350 377 ea
1378 337 1487 377 vide-

155 397 224 434 tur
261 394 304 433 in
341 393 468 433 verbo
506 395 590 433 tam
630 394 856 446 multiplici
888 409 1014 434 unam
1046 396 1338 435 tantummodo
1370 409 1485 435 usur-

155 452 368 505 pationem
419 452 507 492 eius
557 454 742 503 notasse,
792 467 897 505 quae
941 453 1108 505 quidem
1154 454 1348 508 congruit
1392 467 1486 494 cum

155 510 411 564 significatu,
456 524 538 563 quo
578 509 828 551 Caecilius
873 525 971 551 usus
1013 514 1075 551 est
1113 512 1156 551 in
1194 510 1405 565 Chrysio
1444 513 1487 552 in

155 569 219 608 his
252 569 440 609 versibus
474 578 526 619 (υ.
546 572 601 610 21
622 567 727 622 RD:

294 659 589 697 quamquam
617 659 706 699 ego
734 645 957 685 mercede
982 647 1075 686 huc
1102 647 1378 687 conductus
1404 650 1488 687 tua

214 703 443 755 advenio,
480 718 537 744 ne
575 703 671 743 tibi
709 718 781 744 me
820 705 925 744 esse
964 704 1022 744 ob
1062 719 1163 745 eam
1201 720 1297 745 rem
1337 705 1486 745 obno-

924 778 1057 803 xium

212 821 370 873 reare3
403 820 601 861 audibis
634 821 777 869 male,
810 822 849 860 si
882 821 1142 862 maledicis
1175 821 1308 862 mihi.

751 936 895 977 XVIII

155 1017 207 1050 De
241 1017 434 1050 observata
466 1017 723 1061 custoditaque
755 1018 854 1060 apud
879 1018 1062 1051 Romanos
1089 1018 1327 1052 iurisiurandi
1354 1019 1487 1052 sancti-

202 1064 342 1105 monia;
369 1065 479 1107 atque
499 1064 591 1097 inibi
613 1064 656 1097 de
679 1065 803 1098 decem
825 1065 990 1108 captivis,
1017 1077 1107 1108 quos
1128 1065 1280 1098 Romam
1302 1064 1487 1099 Hannibal

204 1111 344 1144 deiurio
371 1110 417 1144 ab
443 1111 500 1144 his
527 1114 677 1155 accepto
703 1111 851 1154 legavit.

123 1207 139 1236 1
243 1193 537 1235 Iusiurandum
591 1196 701 1248 apud
752 1194 965 1236 Romanos
1015 1196 1215 1236 inviolate
1264 1199 1488 1249 sancteque

158 1254 350 1294 habitum
389 1256 684 1306 servatumque
724 1256 797 1294 est.
859 1253 907 1294 Id
944 1258 985 1294 et
1019 1254 1208 1294 moribus
1240 1255 1488 1309 legibusque

157 1312 301 1352 multis
341 1313 591 1365 ostenditur,
629 1315 670 1352 et
708 1313 805 1365 hoc,
844 1313 955 1365 quod
993 1313 1195 1366 dicemus,
1233 1314 1270 1353 ei
1306 1314 1366 1354 rei
1403 1328 1487 1353 non

122 1374 281 1411 21611116
313 1374 607 1425 argumentum
639 1385 727 1411 esse
759 1374 909 1424 potest.
965 1371 1123 1424 (Post)
1152 1372 1359 1424 proelium
1387 1370 1487 1411 Can—
1509 1391 1521 1414 2

157 1444 283 1469 nense
315 1428 547 1481 Hannibal,
586 1428 992 1484 Carthaginiensium
1031 1431 1275 1483 imperator,
1313 1444 1362 1471 ex
1395 1444 1487 1483 cap-

157 1489 254 1528 tivis
285 1489 440 1528 nostris
473 1489 627 1528 electos
660 1488 801 1528 decem
834 1487 1013 1528 Romam
1046 1489 1161 1529 misit
1193 1489 1487 1541 mandavitque

157 1547 215 1586 eis
259 1549 488 1599 pactusque
532 1550 612 1598 est,
655 1549 718 1599 ut,
763 1548 797 1586 si
841 1548 1000 1600 populo
1038 1546 1229 1587 Romano
1268 1548 1488 1599 videretur,

158 1604 411 1658 permutatio
450 1605 568 1645 fieret
606 1606 868 1658 captivorum
907 1608 948 1645 et
986 1620 1061 1658 pro
1098 1605 1182 1657 his,
1226 1619 1331 1658 quos
1370 1606 1488 1646 alteri

158 1664 297 1717 plures
335 1664 589 1716 acciperent,
627 1664 773 1704 darent
808 1665 969 1718 argenti
1002 1665 1141 1717 pondo
1173 1664 1323 1704 libram
1357 1667 1397 1704 et
1429 1678 1487 1704 se-
1509 1683 1522 1706 -2

123 1722 319 1763 3libram.
381 1721 486 1773 Hoc,
518 1723 761 1775 priusquam
795 1723 1169 1775 proficiscerentur,
1200 1723 1487 1762 iusiurandum

158 1795 228 1821 eos
261 1781 401 1835 adegit
431 1781 638 1821 redituros
672 1796 759 1821 esse
792 1782 834 1820 in
864 1783 998 1821 castra
1023 1780 1215 1834 Poenica,
1248 1782 1281 1821 si
1308 1780 1488 1821 Romani

159 1840 347 1892 captivos
379 1853 463 1879 non
495 1842 792 1892 permutarent.

253 1969 269 1998 1
304 1964 395 1998 Non.
423 1965 455 1997 II
484 1977 517 2009 p.
547 1969 600 2007 7⁶2,
630 1969 669 1999 17
823 1970 863 1999 12
897 1966 959 1999 cfr.
988 1966 1091 2008 Otto,
1131 1966 1302 2010 Sprichw.
1330 1977 1363 2009 p.
1391 1969 1434 1999 45

160 2015 200 2045 17
218 2023 293 2054 sqq.
322 2011 394 2045 Civ.
417 2011 474 2045 off.
496 2012 511 2045 I
533 2016 585 2054 13,
607 2016 650 2045 40
677 2012 725 2045 m
746 2016 799 2055 32,
820 2016 884 2046 115
909 2013 983 2047 Liv.
999 2012 1097 2046 XXII
1111 2016 1154 2046 58
1170 2025 1246 2056 sqq.
1268 2012 1383 2046 XXIV
1400 2016 1451 2053 18,
1468 2016 1487 2045 5

158 2058 237 2091 Val.
260 2058 353 2091 Max.
376 2058 406 2091 Π
427 2062 458 2101 9,
480 2063 499 2092 8
527 2059 652 2093 Zonar.
674 2059 722 2092 IX
743 2063 761 2092 2

254 2168 270 2197 1
305 2163 394 2197 abeo
426 2166 468 2196 ut
501 2164 547 2197 ad
580 2166 648 2198 aet.
677 2166 771 2198 Non.
803 2168 806 2208 ff
835 2165 940 2198 nobis
966 2176 1030 2200 om.
1058 2166 1153 2199 Now.
1181 2167 1191 2209 Η
1216 2170 1235 2197 3
1269 2164 1405 2198 deuicti
1430 2168 1459 2197 R
1478 2165 1489 2210 ,Ι

160 2216 179 2244 5
206 2210 278 2244 iam
299 2213 364 2243 RV
384 2212 394 2253 ΙΙ
415 2214 433 2243 9
464 2210 644 2245 adductus
663 2215 693 2244 R
712 2213 722 2254 Η
745 2214 785 2244 10
813 2211 893 2245 obn.
922 2211 967 2245 ob
994 2222 1074 2245 eam
1100 2224 1126 2245 1.
1147 2215 1177 2244 R
1195 2214 1205 2253 ΙΙ
1225 2215 1268 2245 20
1294 2213 1378 2255 post
1403 2211 1487 2245 add.

158 2259 271 2292 Hertz
297 2259 360 2291 est.
388 2257 474 2291 Post
494 2258 707 2292 Lambecius
726 2261 736 2301 {1
757 2262 799 2291 25
821 2260 1039 2302 acceperant
1052 2262 1079 2291 R
1099 2261 1109 2302 ΙΙ
1130 2262 1173 2292 26
1193 2258 1267 2291 Hos
1288 2270 1312 2292 s.
1328 2258 1407 2292 Huc
1425 2257 1486 2292 Gr.

1509 724 1540 748 10

1508 1078 1540 1101 15
