1591 2474
164 63 240 98 LVI
696 63 963 97 PRAEFATIO

163 178 314 226 legatur
342 176 508 212 multos
532 176 710 221 homines,
741 175 813 212 hoc
838 177 966 223 ipsum
993 175 1147 221 sufficit,
1179 178 1223 212 ut
1248 174 1425 213 Gelliana
1451 191 1495 214 ex

164 235 341 273 Musonio
379 232 465 283 περὶ
502 239 648 284 τροφῆς
686 233 789 282 apud
828 233 933 270 Stob.
967 234 1002 270 fi.
1035 233 1166 270 XVIII
1201 235 1251 271 37
1286 248 1320 283 p.
1351 236 1430 271 527
1447 235 1495 272 H.

167 292 256 339 τοὺς
306 290 374 342 μὲν
423 290 622 337 πολλοὺς
665 290 902 342 ἀνθρώπους
945 291 1197 340 deducamus3
1246 305 1335 330 nam
1379 296 1497 331 ceteri

165 364 296 389 omnes
328 354 445 389 testes
477 348 616 395 ἄλλους
647 351 709 387 vel
740 348 900 396 λοιποὺς
931 346 1215 403 ἀνθρώπους.1)
1273 352 1495 389 Musonium

161 410 308 447 Gellius
335 405 496 458 aut'per
520 408 714 446 Herodem
740 411 819 457 aut,
846 410 878 446 si
904 409 949 445 de
969 409 1024 445 IX
1046 410 1068 445 2
1095 422 1245 447 mecum
1271 411 1401 457 sentis,
1429 424 1496 459 per

161 470 399 506 Favorinum
430 469 551 505 novit.
608 468 695 505 Non
724 468 848 517 magis
874 467 1126 516 Hippocratis
1153 468 1329 505 doctrina
1355 481 1398 505 ex
1424 470 1495 506 hoe

162 530 246 576 ipso
284 528 482 576 provenit3
519 527 638 563 immo
677 539 754 563 non
786 528 844 563 est
874 526 1031 573 medici,
1069 527 1134 564 sed
1166 527 1388 576 philosophi
1420 528 1493 565 De-

160 587 331 633 mocriti3
364 586 430 622 cfr.
456 585 609 634 Natorp
641 584 690 621 ad
721 584 835 622 huius
861 585 906 621 fr.
936 585 999 621 26.
1055 585 1113 622 De
1138 585 1360 623 Democrito
1391 586 1495 635 apud

164 645 398 682 Favorinum
430 643 491 680 vd.
525 643 573 680 ad
605 643 660 679 IV
690 644 753 680 13.
817 642 944 693 Caput
977 644 999 680 3
1034 656 1078 680 ex
1109 644 1335 681 Arelatense
1367 648 1495 681 ortum

161 704 314 741 duxisse
346 703 471 750 liquet
497 723 553 728 -—
580 702 603 738 8
637 714 681 739 ex
708 696 889 753 (Caesare
922 697 1007 753 aut)
1035 702 1229 740 Frontone
1258 705 1296 740 et
1320 702 1494 740 Varrone

162 762 252 811 (Me.
287 762 370 798 650
409 774 496 798 ann.
532 762 614 797 720
644 760 711 797 Kr.
746 762 817 808 243
852 761 905 798 60
938 773 1024 798 ann.
1057 761 1137 798 367
1170 761 1232 797 Fr.
1261 756 1405 813 533)2)
1448 784 1493 786 —

165 823 228 867 11,
263 822 284 857 2
331 820 571 869 epigramma
608 819 784 856 Platonis
828 832 873 856 ex
910 819 1104 857 Favorino
1143 820 1377 857 translatum
1415 834 1495 858 esse

160 881 248 928 post
284 878 496 915 Maassium
533 878 605 914 hoc
644 890 687 914 ex
726 878 837 927 Diog.
871 877 912 914 L.
945 877 1004 914 III
1035 879 1087 915 23
1116 873 1208 929 (32)
1247 879 1494 928 colligentem

158 938 228 974 Ru.
259 938 308 974 61
345 937 481 974 timide
513 937 720 985 proposuit
750 939 852 973 recte
884 939 1014 974 tamen
1047 937 1240 984 odoratus,
1276 938 1309 974 si
1339 938 1396 974 rei
1427 950 1493 974 an-

159 998 271 1045 cipiti
316 995 465 1044 aliquid
509 995 799 1044 probabilitatis
843 995 982 1032 similis
1026 996 1247 1045 argumenti
1290 995 1334 1031 fr.
1369 996 1422 1032 84
1442 996 1493 1032 M.

159 1052 284 1104 (apud
311 1053 417 1091 Stob.
443 1054 479 1090 fl.
507 1053 612 1090 LXV
640 1048 683 1104 8)
717 1053 906 1101 conferet,
936 1054 1003 1090 ubi
1034 1054 1080 1091 de
1112 1054 1242 1091 osculo
1275 1054 1494 1091 adulescen-

157 1113 261 1151 tibus
295 1113 502 1150 formonsis
535 1112 644 1149 dato:
682 1111 720 1149 τί
748 1110 819 1163 γὰρ
852 1109 942 1149 ἄλλο
973 1117 1154 1150 ποιοῦσιν
1186 1112 1226 1149 οἱ
1254 1115 1304 1165 τῷ
1337 1112 1494 1162 στόματι

157 1171 370 1219 ψαύοντες;
397 1170 634 1208 συνάπτουσι
659 1169 725 1216 τὰς
750 1170 880 1220 ψυχάς
907 1165 986 1221 (vd.
1014 1171 1116 1219 apud
1137 1171 1235 1208 Plat.
1263 1170 1333 1220 τὴν
1359 1169 1495 1221 ψυχὴν

156 1229 217 1267 ἐπὶ
254 1230 413 1280 χείλεσιν
450 1223 596 1281 ἐ’σχου)”
635 1228 670 1266 εἰ
706 1227 778 1280 γὰρ
810 1227 924 1278 θέμις
956 1223 1005 1278 ἦν
1036 1228 1077 1266 τὸ
1109 1227 1228 1278 στόμα
1260 1227 1492 1279 ὑπερβῆναι·

159 1294 230 1326 νῦν
274 1286 314 1326 δὲ
358 1287 527 1326 ἐοίκασιν
571 1285 658 1337 περὶ
695 1286 735 1324 τὸ
774 1286 893 1337 στόμα
931 1289 1104 1338 λιπαρεῖν
1144 1285 1195 1333 ὡς
1232 1286 1317 1337 περὶ
1354 1287 1492 1337 θύρας.

156 1347 285 1395 Adde,
323 1347 424 1395 quod
456 1347 570 1383 Plato
602 1346 657 1382 ibi
688 1347 823 1394 paucis
855 1346 982 1384 verbis
1016 1349 1106 1384 ante
1139 1346 1307 1383 affertur.
1369 1347 1493 1384 Favo—

156 1407 263 1443 rinus
306 1407 347 1458 in
384 1406 428 1442 fr.
465 1405 515 1442 87
552 1404 677 1456 (Stolo.
710 1404 835 1441 LXVI
870 1400 912 1456 6)
951 1405 1207 1442 Anacreontis
1252 1404 1493 1454 deplorantis

157 1466 280 1501 crines
310 1464 463 1512 pueruli
489 1463 660 1501 desectos
688 1475 842 1500 carmen
869 1464 1052 1512 exprimit
1076 1465 1236 1512 ipseque
1262 1475 1354 1500 voce
1380 1465 1493 1511 quasi

157 1524 280 1572 lyrica
307 1523 492 1560 amatoris
519 1522 737 1571 proclamat
755 1522 801 1558 fr.
824 1523 877 1558 85
903 1517 1027 1573 (Stob.
1049 1521 1174 1558 LXIV
1197 1517 1268 1574 26)
1290 1544 1345 1547 ψ
1369 1523 1419 1559 13
1448 1536 1491 1559 ex

157 1583 310 1630 scriptis
337 1582 501 1618 fortasse
522 1580 687 1629 Sulpicii
706 1581 768 1617 vel
788 1580 905 1617 Probi
926 1575 1006 1631 (vd.
1027 1582 1065 1617 et
1084 1581 1155 1617 Me.
1179 1581 1260 1618 679
1284 1581 1353 1618 Ne.
1377 1576 1491 1632 228).

243 1640 314 1677 ΧΧ
337 1643 357 1676 1
387 1652 431 1676 ex
451 1639 643 1676 Labeonis
670 1640 957 1676 commentariis
978 1639 1027 1675 ad
1047 1638 1121 1675 XII
1141 1639 1294 1676 tabulas
1316 1636 1404 1690 (Ru.
1425 1640 1491 1684 66,

157 1699 223 1735 cfr.
250 1698 311 1735 Di.
341 1693 413 1750 62)
440 1718 497 1723 -
525 1699 547 1734 2
581 1710 625 1734 ex
653 1696 840 1734 Caesellio
873 1700 911 1735 et
938 1697 1126 1746 Capitone
1153 1692 1239 1749 (Ne,
1263 1693 1364 1749 270)
1375 1692 1407 1749 3)
1435 1720 1491 1723 —

159 1760 181 1794 3
215 1757 380 1794 fortasse
413 1769 455 1794 ex
487 1756 674 1793 Caesellio
702 1750 786 1807 (ΚΥ.
816 1757 882 1802 98,
913 1758 1048 1794 contra
1073 1756 1135 1793 Fr.
1164 1751 1266 1807 530)
1300 1777 1353 1781 -
1388 1758 1410 1793 5
1445 1769 1489 1793 ex

249 1916 282 1958 1)
309 1915 408 1949 Stob.
430 1914 530 1948 XVII
550 1918 592 1948 22
613 1914 642 1958 (Ι
660 1927 694 1959 p.
717 1918 784 1949 280
799 1914 846 1948 Μ.
867 1926 900 1958 p.
923 1918 992 1948 495
1007 1914 1065 1959 H.)
1086 1914 1190 1959 Diog.
1206 1914 1243 1948 L.
1260 1915 1292 1948 lI
1313 1919 1344 1956 5,
1361 1918 1403 1948 16
1417 1916 1490 1958 (34)

156 1961 285 1995 Athen.
313 1961 361 1995 IV
388 1965 432 1995 48
458 1974 491 2005 p.
521 1961 600 1995 158f
624 1961 734 1996 Clem.
761 1961 862 1995 Alex.
884 1962 989 2005 paed,
1011 1961 1043 1994 Π
1065 1966 1095 2003 1,
1118 1965 1133 1995 1
1162 1973 1195 2005 p.
1220 1965 1285 1995 163
1299 1961 1356 2002 P.;
1382 1961 1492 1994 aliter

155 2009 266 2042 etiam
292 2008 386 2042 Plut.
408 2007 533 2042 moral.
554 2020 588 2052 p.
612 2012 653 2042 21
669 2008 709 2050 E,
736 2009 792 2041 vd.
815 2007 1017 2042 Sternbach
1037 2008 1194 2052 gnomol.
1216 2007 1335 2041 Vatic.
1356 2011 1433 2041 479.

249 2056 282 2098 2)
308 2055 362 2088 Ex
387 2055 506 2089 Plinio
532 2055 631 2089 Beck
658 2059 694 2095 ὃς
724 2058 777 2089 18.

250 2104 283 2146 3)
310 2101 438 2135 Ateius
464 2101 588 2145 copias
615 2112 657 2135 ex
682 2101 857 2135 Varronis
882 2101 987 2135 libris
1014 2101 1058 2135 de
1083 2101 1159 2135 vita
1184 2101 1311 2145 populi
1331 2101 1489 2135 Romani

153 2150 342 2183 mutuatus
364 2150 429 2190 est,
448 2148 513 2182 ubi
532 2148 673 2192 prolixe
693 2148 737 2182 de
758 2148 885 2182 funere
906 2148 1044 2182 dictum
1065 2158 1142 2182 esse
1161 2149 1203 2181 ut
1222 2158 1287 2191 per
1306 2158 1343 2181 se
1361 2147 1490 2191 liquet,

154 2196 209 2229 ita
228 2195 445 2240 fragmentis
465 2206 486 2228 a
505 2195 626 2229 Nonio
647 2207 672 2228 s.
688 2207 718 2227 v.
730 2196 902 2239 praefica,
922 2196 1042 2237 nenia,
1056 2195 1348 2238 praecidavneum,
1363 2195 1489 2238 pullus

156 2242 307 2276 servatis
339 2242 581 2276 confirmatur.
633 2241 821 2283 Quomodo
854 2241 900 2275 ab
927 2241 1033 2275 Ateio
1060 2242 1091 2275 is
1117 2240 1305 2275 adhibitus
1333 2241 1396 2283 sit,
1429 2241 1485 2274 vd.

155 2289 200 2323 ad
227 2288 309 2322 XIV
332 2293 349 2322 7
377 2290 413 2322 et
439 2292 458 2322 8
485 2290 521 2322 et
546 2288 615 2322 Me.
637 2292 713 2322 651.
