1591 2474
111 42 161 82 18
271 42 505 76 CAPITVLA
532 43 617 77 LIB.
644 43 693 77 VI
719 45 838 89 (vulyo
863 44 952 88 VH).
979 44 1046 78 VII
1072 46 1189 91 (vztlyo
1214 46 1276 91 VI)

197 149 316 190 XVII
344 149 489 191 Sermo
515 150 686 191 habitus
713 165 809 191 cum
833 152 1107 206 grammatico
1128 153 1448 195 insolentiarum

109 210 150 247 et
182 209 475 261 inperitiarum
508 208 635 262 pleno
668 209 717 249 de
751 209 1058 264 significatione
1090 211 1302 266 vocabuli,
1334 213 1448 266 quod

107 268 170 306 est
204 267 462 320 ‘obnoxius'3
496 266 629 320 deque
661 267 749 307 eius
782 267 897 309 vocis
931 269 1104 323 origine.

194 324 339 365 XVIII
383 324 446 365 De
492 325 713 366 observata
750 326 1043 380 custoditaque
1081 328 1193 381 apud
1230 328 1446 370 Romanos

105 383 376 424 iurisiurandi
403 384 699 437 sanctimonia·
725 386 851 438 atque
878 385 983 425 inibi
1011 385 1060 426 de
1087 386 1228 426 decem
1256 388 1446 442 captivis,

105 455 210 494 quos
242 441 423 482 Romam
450 441 664 482 Hannibal
696 443 857 483 deiurio
890 443 941 483 ab
973 443 1040 484 his
1072 447 1243 498 accepto
1276 445 1446 499 legavit

193 498 294 539 XIX
351 499 542 540 Historia
591 515 640 540 ex
691 501 912 542 annalibus
963 505 1133 555 sumpta
1182 503 1232 543 de
1275 503 1446 545 Tiberio

104 556 306 611 Graccho
338 557 622 599 Gracchorum
649 562 779 624 patre,
804 560 975 600 tribuno
1002 560 1156 614 plebis3
1188 564 1313 615 atque
1339 563 1449 603 inibi

104 592 332 657 tribunicia
364 617 530 658 decreta
562 631 656 658 cum
690 618 792 672 ipsis
824 618 963 659 verbis
994 620 1136 660 relata.

191 674 271 715 XX
310 674 431 723 Quod
463 675 678 730 Vergilius
711 692 735 717 a
765 675 944 718 Nolanis
978 677 1030 718 ob
1063 692 1214 730 aquam
1247 679 1327 719 sibi
1359 693 1447 720 non

101 734 350 785 permissam
401 734 574 774 sustulit
624 749 645 774 e
695 749 816 775 versu
864 749 938 775 suo
985 734 1170 777 ‘Nolam'
1216 740 1257 777 et
1300 738 1444 791 posuit

104 791 269 846 ‘oram’3
303 794 429 845 atque
461 793 521 833 ibi
548 793 752 846 quaedam
779 793 860 834 alia
887 793 936 834 de
962 794 1142 835 iucunda
1168 797 1444 837 consonantia

102 849 351 890 litterarum.

189 907 290 949 XXI
343 908 506 957 ‘Quoad
550 910 679 950 vivet'
720 910 973 964 ‘quoad’que
1013 911 1245 952 ‘morietur’
1291 926 1363 952 cur
1400 913 1443 953 id

100 968 240 1020 ipsum
278 968 482 1021 temporis
515 968 773 1022 significent,
811 982 905 1009 cum
939 983 988 1009 ex
1022 969 1185 1010 duobus
1218 970 1302 1011 sint
1331 972 1444 1012 facta

103 1025 335 1066 contrariis.

187 1083 311 1124 XXII
356 1083 477 1132 Quod
523 1099 714 1126 censores
759 1100 914 1138 equum
959 1086 1141 1126 adimere
1185 1086 1300 1127 soliti
1344 1091 1442 1129 sunt

100 1142 313 1195 equitibus
354 1142 611 1196 corpulentis
651 1146 691 1184 et
722 1144 1071 1199 praepinguibus3
1109 1146 1443 1200 quaesitumque,

99 1204 241 1240 utrum
286 1215 336 1241 ea
379 1216 443 1241 res
488 1216 582 1242 cum
626 1202 860 1256 ignominia
903 1217 957 1243 an
994 1202 1195 1244 incolumi
1235 1204 1442 1259 dignitate

100 1260 290 1312 equitum
323 1260 435 1301 facta
467 1261 532 1301 sit.

143 1401 456 1447 CAPIT-VLA
496 1402 667 1448 LIBRI
707 1403 962 1449 SEPTIMI
1002 1401 1152 1466 (mdsjo
1191 1403 1391 1468 SEXTI)

184 1491 203 1532 I
249 1491 381 1540 Quem
420 1493 464 1533 in
502 1493 674 1534 modum
706 1495 969 1547 responderit
1002 1494 1263 1549 Chrysippus
1296 1496 1439 1536 adver-

98 1565 190 1590 sum
224 1564 306 1603 eos
339 1552 411 1604 qui
443 1552 752 1604 providentiam
784 1554 1010 1593 consistere
1040 1556 1313 1608 negaverunt.

184 1607 225 1648 ΙΙ
270 1584 362 1657 Q⁷uo
401 1610 547 1650 itidem
584 1610 710 1651 modo
749 1613 791 1651 et
828 1612 913 1651 vim
950 1613 1326 1665 necessitatemque
1359 1613 1436 1654 fati

97 1668 365 1708 constituerit
403 1671 444 1708 et
484 1682 573 1708 esse
604 1671 746 1709 tamen
778 1670 821 1709 in
852 1670 975 1710 nobis
1009 1670 1175 1711 consilii
1207 1671 1439 1725 iudiciique

96 1726 233 1765 nostri
265 1725 487 1766 arbitrium
520 1728 841 1768 confirmaverit.

183 1782 247 1823 III
278 1783 470 1825 Historia
496 1788 663 1838 sumpta
689 1800 739 1825 ex
765 1786 885 1826 libris
906 1785 1140 1827 Tuberonis
1168 1787 1216 1827 de
1243 1790 1438 1841 serpente

98 1842 339 1882 invisitatae
371 1843 662 1897 longitudinis

184 1899 246 1940 IV
291 1900 400 1949 Quid
444 1902 554 1942 idem
594 1902 759 1943 Tubero
803 1917 935 1943 novae
973 1902 1174 1944 historiae
1213 1904 1262 1944 de
1299 1903 1434 1945 Atilio

95 1957 259 2012 Regulo
299 1974 322 1998 a
355 1958 773 2014 Carthaginiensibus
813 1964 934 2014 capto
969 1961 1123 2002 litteris
1155 1962 1433 2017 mandaverit3

95 2016 195 2069 quid
234 2016 360 2057 etiam
394 2018 628 2058 Tuditanus
666 2034 791 2072 super
829 2020 973 2059 eodem
1005 2020 1170 2074 Regulo
1207 2021 1434 2073 scripserit

183 2073 223 2114 V
267 2074 387 2123 Quod
420 2076 596 2117 Alfenus
635 2077 944 2118 iureconsultus
977 2078 1021 2118 in
1052 2078 1190 2119 verbis
1222 2079 1434 2119 veteribus

97 2132 421 2186 interpretandis
455 2136 617 2175 erravit.

183 2190 244 2231 VI
294 2191 466 2232 Temere
512 2193 736 2247 inepteque
779 2194 1078 2248 reprehensum
1123 2209 1212 2235 esse
1255 2210 1279 2235 a
1320 2194 1430 2236 Iulio

94 2248 266 2303 Hygino
305 2249 560 2305 Vergilium,
605 2252 717 2304 quod
762 2253 1008 2306 ‘praepetes’
1054 2252 1229 2293 Daedali
1272 2268 1431 2306 pennas
