1591 2474
163 63 218 103 96
520 60 523 62 ’
729 61 935 104 Π4;5;6

163 169 268 209 duae
298 183 363 209 res
397 170 515 222 quasi
548 171 750 223 cognatae
777 169 1107 221 coniunctaeque
1134 169 1218 209 sint
1243 183 1378 222 neque
1402 171 1498 209 utra

162 228 251 268 sine
280 229 411 267 altera
436 230 628 267 constare
654 227 799 280 possit,
832 227 875 266 in
899 226 980 267 hoc
1006 229 1147 267 tamen
1173 241 1323 281 genere
1350 240 1498 267 causae

161 300 256 326 reus
296 286 463 338 quidem
502 287 585 325 iam
624 288 704 336 est,
748 285 818 325 sed
856 287 1074 325 accusator
1110 286 1297 325 nondum
1336 288 1416 337 est,
1457 287 1498 325 et

161 344 335 395 idcirco,
374 343 486 396 quod
524 344 659 384 adhuc
697 357 829 396 usque
865 343 980 383 deest
1011 346 1052 383 et
1082 344 1202 395 latet,
1241 343 1498 383 divinatione

161 402 442 455 supplendum
475 404 555 454 est,
587 402 779 455 quisnam
813 402 866 442 sit
898 404 1116 442 accusator
1145 402 1323 442 futurus.
1536 418 1550 443 5

811 517 850 557 V

163 598 279 639 Quam
310 597 435 641 lepide
466 597 683 641 signateque
717 597 851 630 dixerit
882 597 1081 630 Favorinus
1112 596 1371 640 philosophus7
1407 597 1498 640 quid

208 645 354 678 intersit
380 645 476 678 inter
501 644 666 677 Platonis
693 645 729 677 et
754 643 885 687 Lysiae
911 644 1122 677 orationem.

249 727 527 767 Favorinus
573 727 622 767 de
659 726 808 780 Lysia
846 730 887 767 et
924 726 1135 767 Platone
1173 727 1322 767 solitus
1361 727 1497 767 dicere

161 788 240 826 est:
275 785 335 826 ‘Si
367 801 418 826 ex
444 785 688 826 Platonis’
722 786 860 838 inquit
893 785 1098 826 ‘oratione
1123 785 1297 825 verbum
1325 784 1497 838 aliquod
1517 802 1549 826 10

161 845 301 884 demas
346 847 535 884 mutesve
578 846 704 896 atque
748 844 789 883 id
833 844 1217 884 commodatissime
1256 844 1403 895 facias,
1446 843 1496 884 de

159 903 369 957 elegantia
394 905 536 942 tamen
562 903 808 955 detraxeris,
835 903 869 942 si
895 916 945 942 ex
965 901 1162 955 Lysiae,
1188 902 1237 942 de
1261 901 1493 942 sententia.’

799 1017 858 1058 vr

160 1098 299 1139 Quibus
326 1099 444 1132 verbis
472 1098 654 1142 ignaviter
679 1099 716 1131 et
741 1098 884 1131 abiecte
906 1097 1092 1141 Vergilius
1118 1108 1204 1130 usus
1231 1107 1308 1131 esse
1335 1097 1494 1139 dicatum

211 1147 248 1178 et
274 1145 363 1189 quid
388 1145 461 1185 his,
489 1145 553 1188 qui
578 1144 743 1188 improbe
770 1144 865 1190 (id)
892 1144 1036 1186 dicunt,
1062 1143 1336 1187 respondeatur.
1515 1155 1548 1180 15

126 1243 141 1271 1
247 1227 454 1268 Nonnulli
484 1228 800 1282 grammatici
827 1228 974 1268 aetatis
1001 1228 1241 1280 superioris,
1273 1228 1316 1267 in
1342 1227 1495 1280 quibus

159 1290 221 1327 est
266 1285 517 1327 Cornutus
560 1285 812 1338 Annaeus,
862 1286 965 1326 haut
1015 1300 1113 1326 sane
1159 1286 1318 1326 indocti
1360 1299 1495 1338 neque

160 1345 379 1399 ignobiles,
418 1345 490 1397 qui
529 1345 888 1384 commentaria
926 1345 975 1384 in
1007 1343 1290 1398 Vergilium
1326 1358 1495 1397 compo-

158 1406 343 1455 suerunt,
367 1402 679 1455 reprehendunt
705 1403 823 1455 quasi
851 1403 1059 1442 incuriose
1079 1405 1120 1443 et
1140 1402 1300 1442 abiecte
1319 1403 1494 1443 verbum

157 1461 345 1514 positum
378 1462 421 1500 in
452 1461 518 1501 his
550 1461 739 1501 versibus
773 1458 856 1515 (ecl.
886 1460 953 1501 VI
967 1461 1055 1512 75):
1513 1479 1546 1502 20

217 1536 428 1576 candida
454 1537 762 1576 succinctam
789 1536 1098 1576 latrantibus
1125 1536 1333 1590 inguina
1359 1550 1493 1576 mon—

1000 1594 1118 1634 stris

214 1651 480 1692 Dulichias
513 1666 719 1692 vexasse
750 1655 883 1692 rates
916 1654 964 1692 et
996 1652 1198 1706 gurgite
1231 1652 1279 1691 in
1311 1652 1415 1692 alto

216 1711 255 1750 a!
294 1710 499 1750 timidos
535 1713 712 1750 nautas
752 1710 959 1750 canibus
991 1711 1241 1750 lacerasse
1274 1710 1491 1750 marinis.

121 1784 376 1827 2Vexasse
414 1786 525 1825 enim
564 1788 716 1838 putant
753 1786 927 1825 verbum
960 1800 1049 1826 esse
1080 1786 1171 1826 leve
1203 1788 1244 1825 et
1275 1785 1413 1826 tenuis
1445 1798 1493 1826 ac
1513 1803 1544 1828 25

156 1843 275 1895 parvi
306 1844 563 1883 incommodi
594 1857 671 1884 nec
702 1846 843 1884 tantae
875 1844 1087 1884 atrocitati
1120 1857 1362 1897 congruere,
1397 1856 1492 1883 cum

156 1901 348 1941 homines
391 1904 563 1954 repente
607 1917 630 1941 a
673 1902 796 1942 belua
840 1902 1144 1942 immanissima
1180 1902 1291 1954 rapti
1328 1902 1491 1942 laniati-

157 1972 237 2010 que
270 1959 365 1999 sint.

251 2076 293 2104 14
320 2073 436 2105 Amm.
458 2073 523 2106 XV
546 2076 598 2114 13,
620 2077 639 2106 3
785 2076 826 2106 16
842 2084 918 2116 sqq.
947 2073 1056 2106 Macr.
1079 2072 1127 2106 VI
1149 2076 1178 2114 7,
1201 2076 1314 2106 4—19

252 2180 267 2209 1
308 2178 479 2220 cognitae
512 2190 537 2209 ω
575 2188 663 2211 corr.
692 2179 740 2221 σΗ
761 2181 780 2210 5
813 2187 850 2210 es
878 2179 939 2209 PR
959 2178 969 2220 Η
990 2180 1008 2209 7
1043 2177 1308 2220 designateque
1341 2189 1367 2210 ω
1399 2186 1488 2211 corr.

155 2223 299 2256 Falster
318 2226 328 2265 n
351 2226 391 2256 15
424 2223 463 2256 id
495 2223 577 2257 add.
606 2224 718 2257 Hertz
745 2223 946 2266 (Stephaw.)
968 2224 978 2266 Η
999 2226 1042 2256 24
1074 2222 1228 2256 latrasse
1254 2227 1279 2255 P
1298 2224 1308 2266 ΙΙ
1329 2226 1372 2256 26
1397 2225 1491 2266 parsi

155 2269 299 2303 comodi
320 2274 344 2302 P
363 2271 373 2313 Η
395 2273 437 2302 27
465 2270 565 2313 rupti
585 2273 613 2302 V
