<?xml version="1.0" encoding="UTF-8"?>
<!DOCTYPE html PUBLIC "-//W3C//DTD XHTML 1.0 Transitional//EN"
    "http://www.w3.org/TR/xhtml1/DTD/xhtml1-transitional.dtd">
<html xmlns="http://www.w3.org/1999/xhtml" xml:lang="en" lang="en">
 <head>
  <title>
</title>
<meta http-equiv="Content-Type" content="text/html;charset=utf-8" />
  <meta name='ocr-system' content='tesseract 3.04.00' />
  <meta name='ocr-capabilities' content='ocr_page ocr_carea ocr_par ocr_line ocrx_word'/>
</head>
<body>
  <div class='ocr_page' id='page_1' title='image "./agelliinoctiumat01gelluoft_0097.png"; bbox 0 0 1602 2484; ppageno 0'>
   <div class='ocr_carea' id='block_1_1' title="bbox 458 79 1426 120">
    <p class='ocr_par' dir='ltr' id='par_1_1' title="bbox 458 79 1426 120">
     <span class='ocr_line' id='line_1_1' title="bbox 458 79 1426 120; baseline 0.007 -7"><span class='ocrx_word' id='word_1_1' title='bbox 458 79 693 114; x_wconf 82' lang='lat' dir='ltr'>CAPITVLA</span> <span class='ocrx_word' id='word_1_2' title='bbox 721 79 807 114; x_wconf 85' lang='lat' dir='ltr'>LIB.</span> <span class='ocrx_word' id='word_1_3' title='bbox 836 79 928 113; x_wconf 81' lang='lat' dir='ltr'>XIII.</span> <span class='ocrx_word' id='word_1_4' title='bbox 958 79 1040 113; x_wconf 86' lang='lat' dir='ltr'>XIV</span> <span class='ocrx_word' id='word_1_5' title='bbox 1372 80 1426 120; x_wconf 80' lang='grc'>29</span> 
     </span>
    </p>
   </div>
   <div class='ocr_carea' id='block_1_2' title="bbox 61 186 1416 477">
    <p class='ocr_par' dir='ltr' id='par_1_2' title="bbox 61 186 1415 417">
     <span class='ocr_line' id='line_1_2' title="bbox 151 186 1415 242; baseline 0 -15"><span class='ocrx_word' id='word_1_6' title='bbox 151 186 252 228; x_wconf 87' lang='lat' dir='ltr'>XXI</span> <span class='ocrx_word' id='word_1_7' title='bbox 273 186 389 242; x_wconf 78' lang='lat' dir='ltr'>(XX)</span> <span class='ocrx_word' id='word_1_8' title='bbox 424 186 545 236; x_wconf 84' lang='lat' dir='ltr'>Quod</span> <span class='ocrx_word' id='word_1_9' title='bbox 572 203 595 227; x_wconf 86' lang='lat' dir='ltr'>a</span> <span class='ocrx_word' id='word_1_10' title='bbox 623 187 899 241; x_wconf 85' lang='lat' dir='ltr'>scriptoribus</span> <span class='ocrx_word' id='word_1_11' title='bbox 927 188 1252 242; x_wconf 82' lang='lat' dir='ltr'>elegantissimis</span> <span class='ocrx_word' id='word_1_12' title='bbox 1282 188 1415 228; x_wconf 86' lang='lat' dir='ltr'>maior</span> 
     </span>
     <span class='ocr_line' id='line_1_3' title="bbox 61 246 1414 299; baseline 0 -12"><span class='ocrx_word' id='word_1_13' title='bbox 61 247 170 287; x_wconf 87' lang='lat' dir='ltr'>ratio</span> <span class='ocrx_word' id='word_1_14' title='bbox 203 246 349 287; x_wconf 78' lang='lat' dir='ltr'>habita</span> <span class='ocrx_word' id='word_1_15' title='bbox 382 246 437 286; x_wconf 84' lang='lat' dir='ltr'>sit</span> <span class='ocrx_word' id='word_1_16' title='bbox 469 247 633 286; x_wconf 90' lang='lat' dir='ltr'>sonitus</span> <span class='ocrx_word' id='word_1_17' title='bbox 666 261 819 287; x_wconf 79' lang='lat' dir='ltr'>vocum</span> <span class='ocrx_word' id='word_1_18' title='bbox 852 249 978 299; x_wconf 81' lang='lat' dir='ltr'>atque</span> <span class='ocrx_word' id='word_1_19' title='bbox 1012 246 1237 287; x_wconf 85' lang='lat' dir='ltr'>verborum</span> <span class='ocrx_word' id='word_1_20' title='bbox 1271 247 1414 287; x_wconf 87' lang='lat' dir='ltr'>iucun-</span> 
     </span>
     <span class='ocr_line' id='line_1_4' title="bbox 63 303 1413 359; baseline -0.001 -13"><span class='ocrx_word' id='word_1_21' title='bbox 63 306 210 356; x_wconf 82' lang='lat' dir='ltr'>dioris,</span> <span class='ocrx_word' id='word_1_22' title='bbox 248 319 355 357; x_wconf 83' lang='lat' dir='ltr'>quac</span> <span class='ocrx_word' id='word_1_23' title='bbox 388 320 411 345; x_wconf 89' lang='lat' dir='ltr'>a</span> <span class='ocrx_word' id='word_1_24' title='bbox 445 303 613 345; x_wconf 80' lang='lat' dir='ltr'>Graecis</span> <span class='ocrx_word' id='word_1_25' title='bbox 648 305 844 358; x_wconf 74' lang='grc' dir='ltr'><em>εὐφωυία</em></span> <span class='ocrx_word' id='word_1_26' title='bbox 877 305 1048 357; x_wconf 81' lang='lat' dir='ltr'>dicitur,</span> <span class='ocrx_word' id='word_1_27' title='bbox 1082 320 1209 358; x_wconf 86' lang='lat' dir='ltr'>quam</span> <span class='ocrx_word' id='word_1_28' title='bbox 1242 306 1413 359; x_wconf 81' lang='lat' dir='ltr'>regulae</span> 
     </span>
     <span class='ocr_line' id='line_1_5' title="bbox 62 364 1227 417; baseline 0 -13"><span class='ocrx_word' id='word_1_29' title='bbox 62 364 406 417; x_wconf 70' lang='lat' dir='ltr'>disciplinaeque,</span> <span class='ocrx_word' id='word_1_30' title='bbox 440 378 547 416; x_wconf 78' lang='lat' dir='ltr'>quae</span> <span class='ocrx_word' id='word_1_31' title='bbox 580 378 603 403; x_wconf 78' lang='lat' dir='ltr'>a</span> <span class='ocrx_word' id='word_1_32' title='bbox 636 364 923 417; x_wconf 80' lang='lat' dir='ltr'>grammaticis</span> <span class='ocrx_word' id='word_1_33' title='bbox 955 366 1123 417; x_wconf 88' lang='lat' dir='ltr'>reperta</span> <span class='ocrx_word' id='word_1_34' title='bbox 1155 367 1227 404; x_wconf 85' lang='lat' dir='ltr'>cst.</span> 
     </span>
    </p>

    <p class='ocr_par' dir='ltr' id='par_1_3' title="bbox 152 420 1416 477">
     <span class='ocr_line' id='line_1_6' title="bbox 152 420 1416 477; baseline 0 -15"><span class='ocrx_word' id='word_1_35' title='bbox 152 421 273 463; x_wconf 82' lang='lat' dir='ltr'>XXII</span> <span class='ocrx_word' id='word_1_36' title='bbox 306 420 443 477; x_wconf 84' lang='lat' dir='ltr'>(XXI)</span> <span class='ocrx_word' id='word_1_37' title='bbox 496 421 634 463; x_wconf 81' lang='lat' dir='ltr'>Verba</span> <span class='ocrx_word' id='word_1_38' title='bbox 673 421 758 462; x_wconf 84' lang='lat' dir='ltr'>Titi</span> <span class='ocrx_word' id='word_1_39' title='bbox 798 421 990 462; x_wconf 78' lang='lat' dir='ltr'>Castricii</span> <span class='ocrx_word' id='word_1_40' title='bbox 1034 423 1215 463; x_wconf 84' lang='lat' dir='ltr'>rhetoris</span> <span class='ocrx_word' id='word_1_41' title='bbox 1261 423 1313 463; x_wconf 78' lang='lat' dir='ltr'>ad</span> <span class='ocrx_word' id='word_1_42' title='bbox 1357 423 1416 463; x_wconf 87' lang='lat' dir='ltr'>di-</span> 
     </span>
    </p>
   </div>
   <div class='ocr_carea' id='block_1_3' title="bbox 63 481 1416 536">
    <p class='ocr_par' dir='ltr' id='par_1_4' title="bbox 63 481 1416 536">
     <span class='ocr_line' id='line_1_7' title="bbox 63 481 1416 536; baseline 0 -14"><span class='ocrx_word' id='word_1_43' title='bbox 63 482 249 536; x_wconf 87' lang='lat' dir='ltr'>scipulos</span> <span class='ocrx_word' id='word_1_44' title='bbox 300 481 588 522; x_wconf 71' lang='lat' dir='ltr'><strong>adulescentes</strong></span> <span class='ocrx_word' id='word_1_45' title='bbox 640 481 689 522; x_wconf 89' lang='lat' dir='ltr'>de</span> <span class='ocrx_word' id='word_1_46' title='bbox 737 482 889 522; x_wconf 86' lang='lat' dir='ltr'>vestitu</span> <span class='ocrx_word' id='word_1_47' title='bbox 934 485 1062 534; x_wconf 82' lang='lat' dir='ltr'>atque</span> <span class='ocrx_word' id='word_1_48' title='bbox 1107 482 1285 522; x_wconf 86' lang='lat' dir='ltr'>calciatu</span> <span class='ocrx_word' id='word_1_49' title='bbox 1331 496 1416 522; x_wconf 88' lang='lat' dir='ltr'>non</span> 
     </span>
    </p>
   </div>
   <div class='ocr_carea' id='block_1_4' title="bbox 18 540 232 581">
    <p class='ocr_par' dir='ltr' id='par_1_5' title="bbox 18 540 232 581">
     <span class='ocr_line' id='line_1_8' title="bbox 18 540 232 581; baseline -0.005 0"><span class='ocrx_word' id='word_1_50' title='bbox 18 554 19 558; x_wconf 53' lang='lat'>¹</span> <span class='ocrx_word' id='word_1_51' title='bbox 63 540 232 581; x_wconf 88' lang='lat' dir='ltr'>decoro.</span> 
     </span>
    </p>
   </div>
   <div class='ocr_carea' id='block_1_5' title="bbox 62 596 1422 1945">
    <p class='ocr_par' dir='ltr' id='par_1_6' title="bbox 63 596 1416 711">
     <span class='ocr_line' id='line_1_9' title="bbox 152 596 1416 653; baseline 0 -15"><span class='ocrx_word' id='word_1_52' title='bbox 152 597 295 639; x_wconf 81' lang='lat' dir='ltr'>XXIII</span> <span class='ocrx_word' id='word_1_53' title='bbox 320 596 478 653; x_wconf 75' lang='lat' dir='ltr'>(XXII)</span> <span class='ocrx_word' id='word_1_54' title='bbox 517 598 610 651; x_wconf 79' lang='lat' dir='ltr'>&lt;De</span> <span class='ocrx_word' id='word_1_55' title='bbox 636 597 818 639; x_wconf 79' lang='lat' dir='ltr'>Neriene</span> <span class='ocrx_word' id='word_1_56' title='bbox 845 598 992 639; x_wconf 77' lang='lat' dir='ltr'>Martis</span> <span class='ocrx_word' id='word_1_57' title='bbox 1026 599 1069 638; x_wconf 88' lang='lat' dir='ltr'>in</span> <span class='ocrx_word' id='word_1_58' title='bbox 1101 599 1287 652; x_wconf 76' lang='lat' dir='ltr'>antiquis</span> <span class='ocrx_word' id='word_1_59' title='bbox 1321 612 1416 639; x_wconf 93' lang='lat' dir='ltr'>con-</span> 
     </span>
     <span class='ocr_line' id='line_1_10' title="bbox 63 657 420 711; baseline -0.006 -12"><span class='ocrx_word' id='word_1_60' title='bbox 63 657 420 711; x_wconf 68' lang='lat' dir='ltr'>precationibus.)</span> 
     </span>
    </p>

    <p class='ocr_par' dir='ltr' id='par_1_7' title="bbox 62 714 1416 827">
     <span class='ocr_line' id='line_1_11' title="bbox 152 714 1416 770; baseline -0.002 -13"><span class='ocrx_word' id='word_1_61' title='bbox 152 714 296 757; x_wconf 82' lang='lat' dir='ltr'>XXIV</span> <span class='ocrx_word' id='word_1_62' title='bbox 328 714 510 770; x_wconf 78' lang='lat' dir='ltr'>(XXIII)</span> <span class='ocrx_word' id='word_1_63' title='bbox 549 714 719 768; x_wconf 79' lang='lat' dir='ltr'>&lt;Verba</span> <span class='ocrx_word' id='word_1_64' title='bbox 751 715 804 756; x_wconf 81' lang='lat' dir='ltr'>M.</span> <span class='ocrx_word' id='word_1_65' title='bbox 833 714 1006 756; x_wconf 83' lang='lat' dir='ltr'>Catonis</span> <span class='ocrx_word' id='word_1_66' title='bbox 1039 730 1162 770; x_wconf 76' lang='lat' dir='ltr'>egere</span> <span class='ocrx_word' id='word_1_67' title='bbox 1195 731 1237 756; x_wconf 91' lang='lat' dir='ltr'>se</span> <span class='ocrx_word' id='word_1_68' title='bbox 1271 717 1416 756; x_wconf 86' lang='lat' dir='ltr'>multis</span> 
     </span>
     <span class='ocr_line' id='line_1_12' title="bbox 62 775 1013 827; baseline -0.002 -11"><span class='ocrx_word' id='word_1_69' title='bbox 62 775 189 816; x_wconf 85' lang='lat' dir='ltr'>rebus</span> <span class='ocrx_word' id='word_1_70' title='bbox 222 778 263 815; x_wconf 89' lang='lat' dir='ltr'>et</span> <span class='ocrx_word' id='word_1_71' title='bbox 294 775 403 815; x_wconf 89' lang='lat' dir='ltr'>nihil</span> <span class='ocrx_word' id='word_1_72' title='bbox 436 778 577 815; x_wconf 86' lang='lat' dir='ltr'>tamen</span> <span class='ocrx_word' id='word_1_73' title='bbox 610 788 763 827; x_wconf 83' lang='lat' dir='ltr'>cupere</span> <span class='ocrx_word' id='word_1_74' title='bbox 796 775 1013 827; x_wconf 72' lang='lat' dir='ltr'>dicentis.)</span> 
     </span>
    </p>

    <p class='ocr_par' dir='ltr' id='par_1_8' title="bbox 64 832 1418 1005">
     <span class='ocr_line' id='line_1_13' title="bbox 152 832 1418 888; baseline 0 -14"><span class='ocrx_word' id='word_1_75' title='bbox 152 832 275 874; x_wconf 86' lang='lat' dir='ltr'>XXV</span> <span class='ocrx_word' id='word_1_76' title='bbox 308 832 489 888; x_wconf 80' lang='lat' dir='ltr'>(XXIV)</span> <span class='ocrx_word' id='word_1_77' title='bbox 536 832 783 881; x_wconf 85' lang='lat' dir='ltr'>Quaesitum</span> <span class='ocrx_word' id='word_1_78' title='bbox 822 836 1153 886; x_wconf 79' lang='lat' dir='ltr'>tractatumque,</span> <span class='ocrx_word' id='word_1_79' title='bbox 1193 833 1294 886; x_wconf 86' lang='lat' dir='ltr'>quid</span> <span class='ocrx_word' id='word_1_80' title='bbox 1334 834 1418 874; x_wconf 89' lang='lat' dir='ltr'>sint</span> 
     </span>
     <span class='ocr_line' id='line_1_14' title="bbox 66 892 1418 945; baseline -0.001 -12"><span class='ocrx_word' id='word_1_81' title='bbox 66 892 339 945; x_wconf 78' lang='lat' dir='ltr'>‘manubiae’3</span> <span class='ocrx_word' id='word_1_82' title='bbox 366 895 494 945; x_wconf 86' lang='lat' dir='ltr'>atque</span> <span class='ocrx_word' id='word_1_83' title='bbox 520 892 626 933; x_wconf 86' lang='lat' dir='ltr'>inibi</span> <span class='ocrx_word' id='word_1_84' title='bbox 653 892 765 932; x_wconf 85' lang='lat' dir='ltr'>dicta</span> <span class='ocrx_word' id='word_1_85' title='bbox 792 893 998 945; x_wconf 78' lang='lat' dir='ltr'>quaedam</span> <span class='ocrx_word' id='word_1_86' title='bbox 1019 893 1068 933; x_wconf 92' lang='lat' dir='ltr'>de</span> <span class='ocrx_word' id='word_1_87' title='bbox 1089 893 1251 933; x_wconf 83' lang='lat' dir='ltr'>ratione</span> <span class='ocrx_word' id='word_1_88' title='bbox 1273 892 1418 933; x_wconf 88' lang='lat' dir='ltr'>utendi</span> 
     </span>
     <span class='ocr_line' id='line_1_15' title="bbox 64 951 962 1005; baseline -0.001 -13"><span class='ocrx_word' id='word_1_89' title='bbox 64 951 205 992; x_wconf 84' lang='lat' dir='ltr'>verbis</span> <span class='ocrx_word' id='word_1_90' title='bbox 239 951 433 1004; x_wconf 86' lang='lat' dir='ltr'>pluribus</span> <span class='ocrx_word' id='word_1_91' title='bbox 466 951 578 991; x_wconf 89' lang='lat' dir='ltr'>idem</span> <span class='ocrx_word' id='word_1_92' title='bbox 611 951 962 1005; x_wconf 75' lang='lat' dir='ltr'>significantibus.</span> 
     </span>
    </p>

    <p class='ocr_par' dir='ltr' id='par_1_9' title="bbox 64 1008 1420 1240">
     <span class='ocr_line' id='line_1_16' title="bbox 154 1008 1420 1064; baseline -0.001 -14"><span class='ocrx_word' id='word_1_93' title='bbox 154 1008 298 1050; x_wconf 88' lang='lat' dir='ltr'>XXVI</span> <span class='ocrx_word' id='word_1_94' title='bbox 331 1008 490 1064; x_wconf 82' lang='lat' dir='ltr'>(XXV)</span> <span class='ocrx_word' id='word_1_95' title='bbox 544 1008 684 1050; x_wconf 89' lang='lat' dir='ltr'>Verba</span> <span class='ocrx_word' id='word_1_96' title='bbox 724 1009 769 1049; x_wconf 92' lang='lat' dir='ltr'>P.</span> <span class='ocrx_word' id='word_1_97' title='bbox 803 1008 984 1064; x_wconf 81' lang='lat' dir='ltr'>Nigidii,</span> <span class='ocrx_word' id='word_1_98' title='bbox 1029 1010 1184 1063; x_wconf 86' lang='lat' dir='ltr'>quibus</span> <span class='ocrx_word' id='word_1_99' title='bbox 1229 1010 1331 1049; x_wconf 84' lang='lat' dir='ltr'>(licit</span> <span class='ocrx_word' id='word_1_100' title='bbox 1376 1009 1420 1050; x_wconf 91' lang='lat' dir='ltr'>in</span> 
     </span>
     <span class='ocr_line' id='line_1_17' title="bbox 64 1067 1419 1122; baseline -0.001 -12"><span class='ocrx_word' id='word_1_101' title='bbox 64 1069 236 1110; x_wconf 89' lang='lat' dir='ltr'>nomine</span> <span class='ocrx_word' id='word_1_102' title='bbox 257 1067 417 1109; x_wconf 88' lang='lat' dir='ltr'>Valerii</span> <span class='ocrx_word' id='word_1_103' title='bbox 443 1069 487 1108; x_wconf 93' lang='lat' dir='ltr'>in</span> <span class='ocrx_word' id='word_1_104' title='bbox 514 1082 612 1109; x_wconf 90' lang='lat' dir='ltr'>casu</span> <span class='ocrx_word' id='word_1_105' title='bbox 639 1068 817 1109; x_wconf 84' lang='lat' dir='ltr'>vocandi</span> <span class='ocrx_word' id='word_1_106' title='bbox 838 1070 1019 1122; x_wconf 80' lang='lat' dir='ltr'>primam</span> <span class='ocrx_word' id='word_1_107' title='bbox 1041 1069 1249 1122; x_wconf 82' lang='lat' dir='ltr'>syllabam</span> <span class='ocrx_word' id='word_1_108' title='bbox 1270 1082 1419 1108; x_wconf 87' lang='lat' dir='ltr'>acuen-</span> 
     </span>
     <span class='ocr_line' id='line_1_18' title="bbox 68 1127 1419 1179; baseline -0.001 -11"><span class='ocrx_word' id='word_1_109' title='bbox 68 1128 164 1168; x_wconf 88' lang='lat' dir='ltr'>dam</span> <span class='ocrx_word' id='word_1_110' title='bbox 203 1142 310 1179; x_wconf 81' lang='lat' dir='ltr'>esse3</span> <span class='ocrx_word' id='word_1_111' title='bbox 349 1129 390 1168; x_wconf 89' lang='lat' dir='ltr'>et</span> <span class='ocrx_word' id='word_1_112' title='bbox 428 1128 530 1168; x_wconf 89' lang='lat' dir='ltr'>item</span> <span class='ocrx_word' id='word_1_113' title='bbox 569 1127 652 1167; x_wconf 86' lang='lat' dir='ltr'>alia</span> <span class='ocrx_word' id='word_1_114' title='bbox 690 1142 740 1168; x_wconf 81' lang='lat' dir='ltr'>ex</span> <span class='ocrx_word' id='word_1_115' title='bbox 780 1128 967 1168; x_wconf 86' lang='lat' dir='ltr'>eiusdem</span> <span class='ocrx_word' id='word_1_116' title='bbox 1006 1128 1145 1168; x_wconf 84' lang='lat' dir='ltr'>verbis</span> <span class='ocrx_word' id='word_1_117' title='bbox 1177 1128 1229 1167; x_wconf 86' lang='lat' dir='ltr'>ad</span> <span class='ocrx_word' id='word_1_118' title='bbox 1261 1130 1419 1168; x_wconf 85' lang='lat' dir='ltr'>rectam</span> 
     </span>
     <span class='ocr_line' id='line_1_19' title="bbox 66 1186 620 1240; baseline -0.004 -13"><span class='ocrx_word' id='word_1_119' title='bbox 66 1187 322 1240; x_wconf 71' lang='lat' dir='ltr'>scripturam</span> <span class='ocrx_word' id='word_1_120' title='bbox 356 1186 620 1239; x_wconf 88' lang='lat' dir='ltr'>pertinentia.</span> 
     </span>
    </p>

    <p class='ocr_par' dir='ltr' id='par_1_10' title="bbox 67 1243 1419 1355">
     <span class='ocr_line' id='line_1_20' title="bbox 155 1243 1419 1299; baseline 0 -14"><span class='ocrx_word' id='word_1_121' title='bbox 155 1243 319 1285; x_wconf 88' lang='lat' dir='ltr'>XXVII</span> <span class='ocrx_word' id='word_1_122' title='bbox 339 1243 520 1299; x_wconf 70' lang='lat' dir='ltr'>(XXVI)</span> <span class='ocrx_word' id='word_1_123' title='bbox 553 1244 618 1285; x_wconf 91' lang='lat' dir='ltr'>De</span> <span class='ocrx_word' id='word_1_124' title='bbox 637 1245 840 1297; x_wconf 81' lang='lat' dir='ltr'>versibus,</span> <span class='ocrx_word' id='word_1_125' title='bbox 868 1259 974 1298; x_wconf 88' lang='lat' dir='ltr'>quos</span> <span class='ocrx_word' id='word_1_126' title='bbox 995 1244 1211 1299; x_wconf 81' lang='lat' dir='ltr'>Vergilius</span> <span class='ocrx_word' id='word_1_127' title='bbox 1233 1247 1419 1285; x_wconf 83' lang='lat' dir='ltr'>sectatus</span> 
     </span>
     <span class='ocr_line' id='line_1_21' title="bbox 67 1302 780 1355; baseline -0.001 -11"><span class='ocrx_word' id='word_1_128' title='bbox 67 1304 246 1355; x_wconf 76' lang='lat' dir='ltr'>videtur,</span> <span class='ocrx_word' id='word_1_129' title='bbox 278 1302 455 1344; x_wconf 83' lang='lat' dir='ltr'>Homeri</span> <span class='ocrx_word' id='word_1_130' title='bbox 488 1317 536 1343; x_wconf 89' lang='lat' dir='ltr'>ac</span> <span class='ocrx_word' id='word_1_131' title='bbox 568 1303 780 1344; x_wconf 87' lang='lat' dir='ltr'>Partheni.</span> 
     </span>
    </p>

    <p class='ocr_par' dir='ltr' id='par_1_11' title="bbox 67 1360 1422 1592">
     <span class='ocr_line' id='line_1_22' title="bbox 154 1360 1421 1417; baseline -0.001 -15"><span class='ocrx_word' id='word_1_132' title='bbox 154 1361 341 1403; x_wconf 83' lang='lat' dir='ltr'>XXVIII</span> <span class='ocrx_word' id='word_1_133' title='bbox 362 1360 562 1417; x_wconf 74' lang='lat' dir='ltr'>(XXVII)</span> <span class='ocrx_word' id='word_1_134' title='bbox 601 1362 665 1402; x_wconf 93' lang='lat' dir='ltr'>De</span> <span class='ocrx_word' id='word_1_135' title='bbox 698 1362 906 1402; x_wconf 87' lang='lat' dir='ltr'>sententia</span> <span class='ocrx_word' id='word_1_136' title='bbox 937 1362 1130 1403; x_wconf 86' lang='lat' dir='ltr'>Panaetii</span> <span class='ocrx_word' id='word_1_137' title='bbox 1162 1361 1421 1415; x_wconf 85' lang='lat' dir='ltr'>philosophi,</span> 
     </span>
     <span class='ocr_line' id='line_1_23' title="bbox 67 1420 1422 1474; baseline 0 -14"><span class='ocrx_word' id='word_1_138' title='bbox 67 1435 195 1474; x_wconf 86' lang='lat' dir='ltr'>quam</span> <span class='ocrx_word' id='word_1_139' title='bbox 222 1422 391 1474; x_wconf 85' lang='lat' dir='ltr'>scripsit</span> <span class='ocrx_word' id='word_1_140' title='bbox 416 1422 460 1461; x_wconf 87' lang='lat' dir='ltr'>in</span> <span class='ocrx_word' id='word_1_141' title='bbox 485 1421 595 1461; x_wconf 86' lang='lat' dir='ltr'>libro</span> <span class='ocrx_word' id='word_1_142' title='bbox 624 1421 673 1461; x_wconf 87' lang='lat' dir='ltr'>de</span> <span class='ocrx_word' id='word_1_143' title='bbox 701 1421 853 1461; x_wconf 84' lang='lat' dir='ltr'>officiis</span> <span class='ocrx_word' id='word_1_144' title='bbox 881 1421 1078 1473; x_wconf 80' lang='lat' dir='ltr'>secundo,</span> <span class='ocrx_word' id='word_1_145' title='bbox 1105 1435 1188 1474; x_wconf 85' lang='lat' dir='ltr'>qua</span> <span class='ocrx_word' id='word_1_146' title='bbox 1214 1420 1422 1471; x_wconf 87' lang='lat' dir='ltr'>hortatur,</span> 
     </span>
     <span class='ocr_line' id='line_1_24' title="bbox 67 1479 1421 1520; baseline 0 0"><span class='ocrx_word' id='word_1_147' title='bbox 67 1482 116 1520; x_wconf 91' lang='lat' dir='ltr'>ut</span> <span class='ocrx_word' id='word_1_148' title='bbox 152 1479 347 1520; x_wconf 87' lang='lat' dir='ltr'>homines</span> <span class='ocrx_word' id='word_1_149' title='bbox 386 1480 438 1520; x_wconf 90' lang='lat' dir='ltr'>ad</span> <span class='ocrx_word' id='word_1_150' title='bbox 470 1480 675 1520; x_wconf 83' lang='lat' dir='ltr'>cavendas</span> <span class='ocrx_word' id='word_1_151' title='bbox 707 1480 883 1520; x_wconf 87' lang='lat' dir='ltr'>iniurias</span> <span class='ocrx_word' id='word_1_152' title='bbox 916 1480 960 1520; x_wconf 87' lang='lat' dir='ltr'>in</span> <span class='ocrx_word' id='word_1_153' title='bbox 993 1480 1109 1520; x_wconf 91' lang='lat' dir='ltr'>omni</span> <span class='ocrx_word' id='word_1_154' title='bbox 1139 1481 1234 1520; x_wconf 90' lang='lat' dir='ltr'>loco</span> <span class='ocrx_word' id='word_1_155' title='bbox 1268 1480 1421 1520; x_wconf 88' lang='lat' dir='ltr'>intenti</span> 
     </span>
     <span class='ocr_line' id='line_1_25' title="bbox 67 1539 419 1592; baseline -0.003 -13"><span class='ocrx_word' id='word_1_156' title='bbox 67 1539 292 1592; x_wconf 88' lang='lat' dir='ltr'>paratique</span> <span class='ocrx_word' id='word_1_157' title='bbox 325 1539 419 1579; x_wconf 90' lang='lat' dir='ltr'>sint.</span> 
     </span>
    </p>

    <p class='ocr_par' dir='ltr' id='par_1_12' title="bbox 68 1595 1422 1755">
     <span class='ocr_line' id='line_1_26' title="bbox 156 1595 1421 1652; baseline 0 -15"><span class='ocrx_word' id='word_1_158' title='bbox 156 1596 298 1637; x_wconf 89' lang='lat' dir='ltr'>XXIX</span> <span class='ocrx_word' id='word_1_159' title='bbox 334 1595 556 1651; x_wconf 79' lang='lat' dir='ltr'>(XXVIII)</span> <span class='ocrx_word' id='word_1_160' title='bbox 603 1596 725 1645; x_wconf 83' lang='lat' dir='ltr'>Quod</span> <span class='ocrx_word' id='word_1_161' title='bbox 770 1596 1073 1652; x_wconf 77' lang='lat' dir='ltr'>Quadrigarius</span> <span class='ocrx_word' id='word_1_162' title='bbox 1120 1597 1232 1637; x_wconf 70' lang='lat' dir='ltr'>ecum</span> <span class='ocrx_word' id='word_1_163' title='bbox 1276 1597 1421 1637; x_wconf 84' lang='lat' dir='ltr'>multis</span> 
     </span>
     <span class='ocr_line' id='line_1_27' title="bbox 68 1655 1422 1709; baseline -0.001 -13"><span class='ocrx_word' id='word_1_164' title='bbox 68 1656 338 1696; x_wconf 74' lang='lat' dir='ltr'>mortalibus’</span> <span class='ocrx_word' id='word_1_165' title='bbox 384 1656 509 1708; x_wconf 80' lang='lat' dir='ltr'>dixit3</span> <span class='ocrx_word' id='word_1_166' title='bbox 556 1670 611 1696; x_wconf 87' lang='lat' dir='ltr'>an</span> <span class='ocrx_word' id='word_1_167' title='bbox 654 1656 757 1709; x_wconf 84' lang='lat' dir='ltr'>quid</span> <span class='ocrx_word' id='word_1_168' title='bbox 801 1658 842 1696; x_wconf 89' lang='lat' dir='ltr'>et</span> <span class='ocrx_word' id='word_1_169' title='bbox 887 1659 1094 1709; x_wconf 85' lang='lat' dir='ltr'>quantum</span> <span class='ocrx_word' id='word_1_170' title='bbox 1139 1655 1343 1707; x_wconf 72' lang='lat' dir='ltr'>differret,</span> <span class='ocrx_word' id='word_1_171' title='bbox 1388 1656 1422 1695; x_wconf 87' lang='lat' dir='ltr'>si</span> 
     </span>
     <span class='ocr_line' id='line_1_28' title="bbox 70 1714 877 1755; baseline 0 -1"><span class='ocrx_word' id='word_1_172' title='bbox 70 1714 247 1755; x_wconf 78' lang='lat' dir='ltr'>dixisset</span> <span class='ocrx_word' id='word_1_173' title='bbox 280 1714 391 1755; x_wconf 62' lang='lat' dir='ltr'>‘cum</span> <span class='ocrx_word' id='word_1_174' title='bbox 424 1714 571 1755; x_wconf 87' lang='lat' dir='ltr'>multis</span> <span class='ocrx_word' id='word_1_175' title='bbox 603 1714 877 1755; x_wconf 87' lang='lat' dir='ltr'>hominibus&#39;.</span> 
     </span>
    </p>

    <p class='ocr_par' dir='ltr' id='par_1_13' title="bbox 70 1771 1421 1872">
     <span class='ocr_line' id='line_1_29' title="bbox 157 1771 1421 1828; baseline -0.001 -15"><span class='ocrx_word' id='word_1_176' title='bbox 157 1772 278 1813; x_wconf 92' lang='lat' dir='ltr'>XXX</span> <span class='ocrx_word' id='word_1_177' title='bbox 300 1771 478 1828; x_wconf 79' lang='lat' dir='ltr'>(XXIX)</span> <span class='ocrx_word' id='word_1_178' title='bbox 511 1771 612 1814; x_wconf 91' lang='lat' dir='ltr'>Non</span> <span class='ocrx_word' id='word_1_179' title='bbox 636 1773 842 1814; x_wconf 84' lang='lat' dir='ltr'>hactenus</span> <span class='ocrx_word' id='word_1_180' title='bbox 870 1787 959 1813; x_wconf 86' lang='lat' dir='ltr'>esse</span> <span class='ocrx_word' id='word_1_181' title='bbox 985 1772 1150 1825; x_wconf 79' lang='lat' dir='ltr'>faciem,</span> <span class='ocrx_word' id='word_1_182' title='bbox 1185 1786 1267 1825; x_wconf 88' lang='lat' dir='ltr'>qua</span> <span class='ocrx_word' id='word_1_183' title='bbox 1293 1773 1421 1827; x_wconf 82' lang='lat' dir='ltr'>volgo</span> 
     </span>
     <span class='ocr_line' id='line_1_30' title="bbox 70 1832 237 1872; baseline 0 0"><span class='ocrx_word' id='word_1_184' title='bbox 70 1832 237 1872; x_wconf 89' lang='lat' dir='ltr'>dicitur.</span> 
     </span>
    </p>

    <p class='ocr_par' dir='ltr' id='par_1_14' title="bbox 159 1888 1422 1945">
     <span class='ocr_line' id='line_1_31' title="bbox 159 1888 1422 1945; baseline -0.001 -15"><span class='ocrx_word' id='word_1_185' title='bbox 159 1888 301 1930; x_wconf 88' lang='lat' dir='ltr'>XXXI</span> <span class='ocrx_word' id='word_1_186' title='bbox 322 1888 479 1945; x_wconf 88' lang='lat' dir='ltr'>(XXX)</span> <span class='ocrx_word' id='word_1_187' title='bbox 514 1888 624 1938; x_wconf 83' lang='lat' dir='ltr'>Quid</span> <span class='ocrx_word' id='word_1_188' title='bbox 657 1890 711 1930; x_wconf 88' lang='lat' dir='ltr'>sit</span> <span class='ocrx_word' id='word_1_189' title='bbox 743 1890 788 1930; x_wconf 87' lang='lat' dir='ltr'>in</span> <span class='ocrx_word' id='word_1_190' title='bbox 820 1892 962 1930; x_wconf 87' lang='lat' dir='ltr'>satura</span> <span class='ocrx_word' id='word_1_191' title='bbox 989 1889 1042 1930; x_wconf 90' lang='lat' dir='ltr'>M.</span> <span class='ocrx_word' id='word_1_192' title='bbox 1065 1888 1268 1930; x_wconf 82' lang='lat' dir='ltr'>Varronis</span> <span class='ocrx_word' id='word_1_193' title='bbox 1296 1889 1422 1930; x_wconf 65' lang='lat' dir='ltr'>‘cani-</span> 
     </span>
    </p>
   </div>
   <div class='ocr_carea' id='block_1_6' title="bbox 73 1948 462 2003">
    <p class='ocr_par' dir='ltr' id='par_1_15' title="bbox 73 1948 462 2003">
     <span class='ocr_line' id='line_1_32' title="bbox 73 1948 462 2003; baseline 0 -14"><span class='ocrx_word' id='word_1_194' title='bbox 73 1963 176 1989; x_wconf 89' lang='lat' dir='ltr'>num</span> <span class='ocrx_word' id='word_1_195' title='bbox 209 1948 462 2003; x_wconf 82' lang='lat' dir='ltr'>prandium’.</span> 
     </span>
    </p>
   </div>
   <div class='ocr_carea' id='block_1_7' title="bbox 215 2090 1281 2144">
    <p class='ocr_par' dir='ltr' id='par_1_16' title="bbox 215 2090 1281 2144">
     <span class='ocr_line' id='line_1_33' title="bbox 215 2090 1281 2144; baseline -0.001 -7"><span class='ocrx_word' id='word_1_196' title='bbox 215 2090 532 2137; x_wconf 77' lang='lat' dir='ltr'>CAPITVLA</span> <span class='ocrx_word' id='word_1_197' title='bbox 572 2090 743 2137; x_wconf 84' lang='lat' dir='ltr'>LIBRI</span> <span class='ocrx_word' id='word_1_198' title='bbox 783 2091 1021 2144; x_wconf 75' lang='lat' dir='ltr'>QVARTI</span> <span class='ocrx_word' id='word_1_199' title='bbox 1060 2090 1281 2137; x_wconf 85' lang='lat' dir='ltr'>DECIMI</span> 
     </span>
    </p>
   </div>
   <div class='ocr_carea' id='block_1_8' title="bbox 74 2182 1424 2354">
    <p class='ocr_par' dir='ltr' id='par_1_17' title="bbox 74 2182 1424 2354">
     <span class='ocr_line' id='line_1_34' title="bbox 159 2182 1424 2236; baseline -0.001 -12"><span class='ocrx_word' id='word_1_200' title='bbox 159 2182 180 2224; x_wconf 90' lang='lat' dir='ltr'>I</span> <span class='ocrx_word' id='word_1_201' title='bbox 213 2182 466 2224; x_wconf 68' lang='lat' dir='ltr'>Dissertatio</span> <span class='ocrx_word' id='word_1_202' title='bbox 493 2182 692 2224; x_wconf 83' lang='lat' dir='ltr'>Favorini</span> <span class='ocrx_word' id='word_1_203' title='bbox 724 2183 971 2236; x_wconf 85' lang='lat' dir='ltr'>philosophi</span> <span class='ocrx_word' id='word_1_204' title='bbox 1003 2183 1202 2224; x_wconf 84' lang='lat' dir='ltr'>adversus</span> <span class='ocrx_word' id='word_1_205' title='bbox 1235 2197 1318 2236; x_wconf 83' lang='lat' dir='ltr'>eos,</span> <span class='ocrx_word' id='word_1_206' title='bbox 1352 2184 1424 2236; x_wconf 88' lang='lat' dir='ltr'>qui</span> 
     </span>
     <span class='ocr_line' id='line_1_35' title="bbox 74 2240 1424 2296; baseline 0 -14"><span class='ocrx_word' id='word_1_207' title='bbox 74 2240 274 2282; x_wconf 86' lang='lat' dir='ltr'>Chaldaei</span> <span class='ocrx_word' id='word_1_208' title='bbox 311 2243 581 2296; x_wconf 84' lang='lat' dir='ltr'>appellantur</span> <span class='ocrx_word' id='word_1_209' title='bbox 618 2244 660 2283; x_wconf 91' lang='lat' dir='ltr'>et</span> <span class='ocrx_word' id='word_1_210' title='bbox 694 2256 745 2282; x_wconf 77' lang='lat' dir='ltr'>ex</span> <span class='ocrx_word' id='word_1_211' title='bbox 779 2244 901 2282; x_wconf 90' lang='lat' dir='ltr'>coetu</span> <span class='ocrx_word' id='word_1_212' title='bbox 933 2242 1207 2294; x_wconf 84' lang='lat' dir='ltr'>motibusque</span> <span class='ocrx_word' id='word_1_213' title='bbox 1239 2242 1424 2282; x_wconf 88' lang='lat' dir='ltr'>siderum</span> 
     </span>
     <span class='ocr_line' id='line_1_36' title="bbox 74 2301 1261 2354; baseline -0.001 -13"><span class='ocrx_word' id='word_1_214' title='bbox 74 2303 116 2341; x_wconf 91' lang='lat' dir='ltr'>et</span> <span class='ocrx_word' id='word_1_215' title='bbox 148 2301 367 2341; x_wconf 85' lang='lat' dir='ltr'>stellarum</span> <span class='ocrx_word' id='word_1_216' title='bbox 399 2301 486 2342; x_wconf 85' lang='lat' dir='ltr'>fata</span> <span class='ocrx_word' id='word_1_217' title='bbox 518 2301 741 2342; x_wconf 88' lang='lat' dir='ltr'>hominum</span> <span class='ocrx_word' id='word_1_218' title='bbox 774 2301 961 2341; x_wconf 87' lang='lat' dir='ltr'>dicturos</span> <span class='ocrx_word' id='word_1_219' title='bbox 994 2301 1261 2354; x_wconf 84' lang='lat' dir='ltr'>pollicentur.</span> 
     </span>
    </p>
   </div>
  </div>
 </body>
</html>
