1617 2484
716 76 743 109 V
773 81 814 109 14
1350 78 1434 117 229

181 183 245 224 ‘In
289 184 399 224 circo
440 183 642 224 maximo'
681 184 820 236 inquit
859 183 1110 224 ‘venationis
1149 184 1432 237 amplissimae
1473 196 1492 225 5

92 257 235 297 pugna
273 243 432 296 populo
472 243 659 283 dabatur.
728 242 832 282 Eius
870 243 948 293 rei,
994 242 1153 283 Romae
1192 257 1285 282 cum
1325 243 1433 283 forte
1474 255 1492 283 o

92 315 243 353 esseni,
289 301 515 354 spectator’
561 301 699 353 inquit
743 300 829 341 ‘fui.
899 301 1057 341 Multae
1102 301 1159 341 ibi
1203 301 1434 342 saevientes
1476 313 1493 342 7

91 359 220 411 ferae,
253 359 565 414 magnitudines
600 360 827 400 bestiarum
861 361 1127 411 excellentes,
1161 360 1435 412 omniumque

57 433 72 459 5
92 418 307 458 invisitata
338 421 411 458 aut
442 418 578 458 forma
612 421 700 458 erat
731 421 804 459 aut
830 419 995 459 ferocia.
1055 417 1135 459 Sed
1162 422 1328 472 praeter
1353 419 1435 458 alia
1473 429 1492 459 8

93 477 234 517 omnia
259 476 447 517 leonum'
474 477 613 529 inquit
641 476 897 517 ‘immanitas
924 478 1191 518 admirationi
1216 477 1298 518 fuit
1319 492 1436 531 prae-

36 548 37 551 ’
91 538 238 587 terque
278 535 414 575 omnis
454 538 614 575 ceteros
647 550 765 575 unus.
828 534 868 576 Is
901 550 1009 576 unus
1041 537 1107 576 leo
1141 536 1329 589 corporis
1362 536 1435 575 im-
1475 548 1493 576 9

91 596 192 647 petu
225 596 267 634 et
292 593 547 634 vastitudine
573 594 843 646 terrificoque
869 595 1041 634 fremitu
1068 597 1109 635 ct
1136 608 1301 647 sonoro,
1333 595 1436 634 toris

92 652 307 705 comisque
364 653 571 693 cervicum
629 652 933 693 fluctuantibus
986 653 1149 693 animos
1207 653 1436 706 oculosque

41 728 71 752 ιο
93 710 281 751 omnium
327 711 371 750 in
415 725 502 751 sese
547 713 820 751 converterat.
888 710 1159 752 Introductus
1201 715 1290 752 erat
1328 712 1495 752 interm

92 768 322 822 compluris
361 772 520 809 ceteros
559 769 611 809 ad
648 783 835 824 pugnam
876 769 1103 810 bestiarum
1139 770 1259 810 datus
1293 784 1436 810 servus

91 828 170 867 viri
203 828 452 880 consularis3
485 828 522 867 ei
555 842 674 867 servo
701 827 940 868 Androclus
973 842 1128 868 nomen
1160 828 1251 868 fuit.
1308 828 1434 869 Hunc
1451 839 1491 868 11

92 886 163 926 ille
198 886 264 926 leo
296 886 371 926 ubi
403 886 508 926 vidit
541 887 707 939 procul,
746 886 932 939 repente'
967 887 1106 939 inquit
1138 886 1273 939 ‘quasi
1307 887 1436 927 admi-

91 959 188 985 rans
233 945 350 985 stetit
387 958 434 985 ac
473 945 621 985 deinde
660 945 814 985 sensim
853 948 980 997 atque
1018 945 1181 998 placide
1219 948 1434 998 tamquam

40 1019 72 1044 15
92 1003 424 1043 noscitabundus
451 1003 503 1043 ad
528 1003 745 1044 hominem
772 1004 943 1044 accedit.
989 1003 1096 1044 Tum
1124 1004 1299 1044 caudam
1320 1018 1436 1044 more
1454 1014 1493 1044 12

93 1064 219 1114 atque
268 1062 353 1101 ritu
403 1061 665 1102 adulantium
718 1075 868 1102 canum
920 1062 1148 1103 clementer
1197 1066 1238 1103 et
1286 1063 1437 1103 blande

91 1123 235 1160 movet
278 1119 547 1172 hominisque
589 1135 631 1160 se
670 1121 837 1173 corpori
875 1121 1069 1175 adiungit
1107 1135 1310 1174 cruraque
1349 1121 1437 1161 eius

93 1181 134 1219 et
177 1192 326 1218 manus
371 1193 502 1231 prope
548 1179 630 1218 iam
675 1179 903 1219 exanimati
948 1182 1063 1219 metu
1104 1180 1250 1233 lingua
1287 1180 1439 1220 leniter

93 1236 312 1277 demulcet.
365 1236 506 1277 Homo
532 1236 772 1277 Androclus
798 1237 909 1278 inter
934 1237 1007 1278 illa
1033 1241 1120 1278 tam
1145 1238 1299 1278 atrocis
1325 1238 1437 1278 ferae
1454 1247 1495 1277 13

40 1312 73 1336 20
93 1295 381 1336 blandimenta
407 1295 608 1336 amissum
635 1296 823 1335 animum
849 1299 1080 1349 recuperat,
1109 1296 1315 1349 paulatim
1343 1310 1437 1336 ocu-

91 1354 156 1394 los
195 1354 246 1394 ad
279 1354 564 1394 contuendum
597 1355 763 1395 leonem
795 1354 934 1395 refert.
997 1354 1105 1394 Tum
1139 1355 1258 1407 quasi
1290 1357 1437 1395 mutua
1454 1366 1496 1395 14

91 1413 382 1467 recognitione
420 1412 532 1453 facta
570 1412 720 1453 laetos’
752 1413 892 1465 inquit
925 1412 982 1453 ‘et
1014 1413 1348 1467 gratulabundos
1380 1414 1438 1453 vi-

93 1471 211 1511 deres
242 1470 459 1511 hominem
494 1474 535 1511 et
565 1470 759 1512 leonem.'

182 1528 244 1569 Ea
294 1544 338 1570 re
388 1544 559 1582 prorsus
609 1532 696 1569 tam
747 1529 985 1569 admirabili
1036 1530 1244 1570 maximos
1288 1530 1437 1583 populi
1454 1540 1495 1571 15

40 1603 73 1628 25
95 1588 298 1628 clamores
337 1588 542 1628 excitatos
582 1587 684 1629 dicit
721 1587 1056 1640 accersitumque
1091 1603 1115 1628 a
1147 1587 1322 1629 Caesare
1354 1587 1439 1629 An-

93 1645 283 1686 droclum
329 1646 648 1698 quaesitamque
693 1660 878 1698 causam,
927 1660 1000 1686 cur
1044 1646 1107 1687 illi
1151 1647 1438 1687 atrocissimus

91 1704 159 1744 leo
191 1705 265 1744 uni
297 1705 506 1757 parsisset.
562 1703 628 1745 lbi
654 1703 893 1745 Androclus
925 1719 1013 1745 rem
1046 1705 1268 1745 mirificam
1298 1708 1440 1745 narrat
1456 1715 1498 1745 16

93 1765 220 1815 atque
251 1763 551 1803 admirandam.
610 1761 731 1803 ‘Cum
764 1762 1041 1816 provinciam³
1069 1763 1209 1816 inquit
1235 1762 1438 1804 eAfricam
1456 1774 1497 1804 17

94 1821 385 1874 proconsulari
416 1821 595 1875 imperio
628 1836 746 1862 meus
779 1822 975 1862 dominus
1009 1821 1235 1875 obtineret,
1269 1835 1346 1876 ego
1380 1822 1440 1862 ibi

192 1952 208 1980 1
226 1959 303 1990 sqq.
336 1946 479 1981 Aelian.
507 1948 582 1981 nat.
612 1958 668 1981 an.
690 1947 756 1981 VII
776 1950 820 1981 48
848 1947 942 1990 (Sen.
964 1947 1046 1981 ben.
1067 1947 1100 1980 Π
1122 1952 1175 1989 19,
1200 1952 1215 1981 1
1243 1947 1336 1981 Plin.
1357 1948 1441 1981 VIII

96 1996 150 2036 16,
172 1997 215 2027 56
231 2005 282 2037 sq.
310 1993 466 2027 Phaedr.
488 1993 587 2028 sabb.
610 2005 689 2027 nov.
713 1997 732 2027 9
747 1994 839 2037 LM.)
973 1998 992 2027 8
1019 1995 1138 2028 Amm.
1159 1994 1274 2028 XXVI
1297 1998 1327 2038 7,
1350 1999 1390 2028 17

191 2114 207 2143 1
224 2114 255 2144 et
269 2113 289 2143 3
303 2110 427 2153 inquit
441 2121 506 2144 om.
519 2113 545 2142 P
559 2110 570 2155 ΙΙ
585 2114 603 2144 2
619 2111 673 2144 rei
689 2121 800 2144 causa
813 2121 914 2144 rome
927 2114 952 2143 P
965 2111 977 2156 Η
991 2114 1009 2144 5
1025 2111 1206 2145 inusitata
1216 2111 1259 2144 ΡΞ
1271 2112 1283 2156 ΙΙ
1298 2115 1315 2144 7
1331 2112 1440 2145 unius

93 2157 177 2191 Αἶά.
196 2157 198 2202 I
214 2157 356 2191 ambitu
374 2157 597 2191 Cornelissen
610 2157 622 2202 ΙΙ
641 2161 680 2190 11
704 2157 810 2191 datos
825 2158 1245 2202 HertQHemsterlzus.){1
1261 2162 1302 2192 15
1322 2159 1441 2192 nosci-

93 2203 301 2237 tabundum
323 2204 403 2247 (-du
416 2205 457 2247 R)
478 2204 562 2236 Rv¹
582 2206 593 2247 ΙΙ
615 2207 656 2237 18
679 2204 812 2238 leniter
825 2204 960 2238 Sarisb.
982 2203 1117 2238 leuiter
1131 2218 1157 2238 ω
1178 2207 1188 2248 ΙΙ
1211 2209 1251 2238 19
1272 2204 1379 2239 illata
1392 2209 1417 2237 P
1431 2207 1441 2249 ss

95 2252 139 2283 20
163 2250 421 2293 paulatimque
445 2254 476 2283 R
494 2252 505 2293 Η
525 2254 569 2284 25
599 2249 695 2296 <C.>
723 2250 877 2285 Caesare
904 2251 1098 2286 LBIueller
1119 2253 1130 2295 ΙΙ
1150 2255 1192 2285 26
1219 2251 1276 2285 illi
1302 2253 1438 2287 Sarz'sb.

93 2295 158 2330 ille
179 2309 206 2330 ω
226 2298 237 2340 {l
257 2300 298 2330 27
326 2296 387 2331 uel
411 2297 640 2341 pepercisset
664 2308 707 2332 ss.
729 2296 773 2330 1³²
