1591 2474
174 71 235 105 LII
705 67 973 102 PRAEFATIO

175 183 318 220 Sabino
346 183 517 232 palmam
543 182 619 229 des,
646 180 856 229 disceptari
876 180 1013 229 potest.
1065 178 1106 216 Si
1125 181 1226 216 recte
1246 179 1405 216 Bremer
1424 191 1505 228 cap.

175 242 245 279 XX
275 243 327 279 10
360 241 408 278 ad
440 241 540 277 hunc
570 240 736 287 rettulit,
768 239 835 275 ubi
867 238 1000 276 eodem
1031 250 1151 287 paene
1184 238 1297 276 modo
1331 250 1404 274 vox
1433 237 1506 274 XII

174 301 399 338 tabularum
431 299 535 348 apud
565 298 736 335 Ennium
768 299 921 334 exstans
954 297 1200 346 explanatur,
1232 297 1293 334 hic
1326 299 1363 333 et
1395 297 1506 333 iuris-

175 359 375 397 consultus
407 358 619 399 Homerum
650 357 789 393 testem
821 355 928 393 adire
960 368 1036 392 non
1068 356 1214 392 veritus
1247 357 1296 401 et,
1328 356 1361 392 si
1390 355 1508 392 Athe-

175 430 293 456 naeus
324 418 426 454 recte
459 429 547 453 eum
577 416 721 465 pinxit,
760 416 843 464 ipse
875 410 1051 465 poetal),
1086 414 1289 463 paululum
1321 414 1508 450 antistare

175 476 346 522 videtur,
379 475 445 512 sed
476 487 563 512 cum
595 474 728 511 Davus
760 474 845 520 sim,
877 486 954 510 non
986 471 1171 522 Oedipus,
1203 470 1321 522 ἐπέχω
1359 494 1405 497 —
1444 474 1508 517 11,

179 539 197 572 1
223 548 277 583 sq.
305 548 349 571 ex
375 534 561 579 Varrone,
590 534 658 581 qui
683 534 724 569 in
750 532 848 569 libro
874 544 946 568 rer.
973 532 1075 568 hum.
1102 531 1120 567 I
1147 526 1267 582 (ZGLK
1288 531 1325 567 II
1349 532 1443 578 524,
1465 526 1507 581 2)

176 595 221 630 de
253 593 396 641 Psyllis
435 593 532 642 egit,
570 591 616 628 de
648 591 792 639 Psyllis
830 593 868 627 et
898 591 1037 627 Marsis
1076 602 1098 627 a
1131 589 1263 627 Circae
1301 589 1381 627 filio
1414 590 1509 627 ortis

177 652 280 702 apud
313 652 411 688 Plin.
438 650 514 687 VII
543 653 578 697 2,
607 651 677 697 13;
707 645 801 701 152)
836 671 883 674 -—
921 651 970 686 12
1005 662 1049 686 ex
1083 648 1234 686 Cloatio
1266 650 1304 685 et
1336 649 1509 686 Varrone

176 712 199 748 l.
221 711 262 748 l.:
289 711 344 747 sic
368 710 441 746 Me.
464 710 545 746 649
573 709 639 746 Kr.
662 710 704 756 93
734 709 804 756 333
832 709 898 756 49,
925 721 948 745 a
974 707 1112 756 quibus
1138 707 1284 744 recedo.
1336 706 1509 744 Cloatius

176 769 409 807 vocabulum
441 768 634 805 alucinarz'
665 780 687 804 a
714 766 859 804 Graeco
889 765 1019 804 ἀλύειν
1045 766 1215 803 derivari
1240 766 1376 812 voluit,
1408 766 1511 803 idem

180 829 262 865 vult
294 827 403 865 Paul.
431 841 466 876 p.
496 828 561 873 24,
591 828 655 873 14,
694 838 780 863 cum
812 826 994 875 explicet:
1033 826 1322 862 (circinationem
1355 826 1511 862 erratio-

178 881 323 938 nem3);
356 886 403 923 ad
436 886 596 923 eandem
623 886 814 934 originem
840 885 906 921 ille
931 884 1050 921 refert
1075 884 1266 920 alucinari
1292 884 1330 920 et
1355 884 1511 929 alueum,

178 946 227 982 ad
259 945 420 982 eandem
450 944 513 981 hic
544 957 580 992 p.
611 945 675 991 75,
704 945 754 980 17
783 944 939 987 elucztm,
973 945 1015 980 ut
1046 943 1114 979 alii
1145 942 1275 979 volunt
1305 942 1510 979 aluciwato-

177 999 303 1055 remff)
365 1003 473 1040 Inter
505 1003 574 1040 hos
614 999 742 1040 ‘alios'
775 1003 894 1039 fuisse
928 1001 1123 1039 Cloatium
1156 1002 1250 1048 quin
1281 1002 1511 1046 statuamus,

179 1063 279 1100 nihil
313 1062 453 1107 obstat,
486 1074 600 1110 quem
632 1062 781 1098 sexiens
812 1062 853 1097 in
884 1060 997 1097 rebus
1030 1061 1148 1097 sacris
1175 1059 1309 1096 Festus
1343 1060 1511 1106 arcessit,

180 1123 212 1159 si
251 1121 364 1158 modo
403 1123 461 1157 est
498 1114 648 1171 idem.⁵)
718 1119 891 1157 Cloatius
930 1131 974 1155 ex
1010 1119 1245 1167 Hypsicrate
1282 1118 1430 1163 hausit,
1468 1131 1513 1154 ex

182 1180 315 1217 eodem
341 1180 467 1216 Varro
492 1179 586 1228 ling.
613 1179 679 1216 lat.
701 1179 735 1214 V
760 1179 823 1225 16,
848 1178 900 1214 88
929 1180 967 1215 et
992 1178 1156 1215 fortasse
1182 1176 1236 1213 VI
1261 1178 1324 1223 10,
1346 1178 1397 1213 96
1425 1190 1512 1226 par-

180 1240 260 1276 tem
291 1239 496 1275 verborum
528 1250 572 1274 ex
604 1236 749 1274 Graeco
781 1238 1011 1283 tractorum,
1043 1237 1144 1273 inter
1175 1247 1273 1283 quae
1306 1247 1434 1272 errare
1465 1235 1512 1272 ab

181 1296 305 1348 ἔρρειν
342 1297 549 1334 deductum
587 1298 630 1333 ut
668 1295 770 1344 apud
806 1294 990 1342 Gellium,
1028 1296 1173 1340 nescio,
1211 1307 1261 1330 an
1298 1306 1342 1330 ex
1380 1293 1513 1331 eodem

182 1357 331 1393 oriatur
356 1356 515 1392 Verrius
541 1355 655 1391 Pauli
681 1366 708 1391 s.
735 1367 769 1391 v.
797 1366 937 1391 aurum
962 1368 997 1403 p.
1026 1354 1063 1400 8,
1087 1355 1150 1399 14,
1177 1353 1243 1389 ubi
1268 1365 1337 1401 pro
1363 1352 1512 1402 Hippo—

183 1416 286 1451 crate
319 1414 594 1462 Hypsicratem
626 1413 799 1462 Scaliger
831 1413 975 1460 aliique
1006 1412 1250 1457 induxerunt,
1284 1412 1394 1448 cuius
1427 1411 1513 1448 doc-

183 1475 287 1510 trina
319 1473 367 1510 ad
394 1473 612 1509 Romanum
642 1485 711 1520 per
738 1471 931 1508 Cloatium
964 1482 1211 1520 promanasse
1241 1472 1381 1518 potest.
1437 1469 1514 1506 Ab·

184 1531 340 1569 surdam
394 1531 694 1568 hariolationem
750 1530 794 1566 de
851 1530 1066 1578 veriloquio
1120 1530 1346 1575 feneratoris
1401 1529 1514 1578 longe

185 1591 409 1628 abiecerunt
441 1602 571 1627 ornnes
604 1592 643 1626 et
667 1589 792 1625 Varro
825 1588 929 1637 apud
960 1587 1128 1625 Gellium
1159 1587 1405 1635 Nouiumque
1432 1586 1449 1623 I
1477 1601 1513 1636 p.

187 1650 252 1695 53,
286 1644 380 1699 27⁶)
421 1650 475 1694 et,
514 1649 581 1696 qui
612 1649 653 1684 in
685 1659 725 1684 re
757 1660 844 1684 cum
882 1659 925 1685 eo
957 1646 1182 1692 concordat,
1220 1646 1379 1682 Verrius
1412 1645 1515 1694 apud

185 1708 349 1744 Paulum
381 1721 417 1755 p.
452 1707 517 1753 86,
553 1709 593 1753 13
634 1707 699 1753 94,
734 1709 753 1742 1
797 1709 834 1743 et
872 1708 1006 1743 auctor
1043 1706 1163 1742 Nonii
1193 1705 1228 1740 V
1260 1718 1295 1752 p.
1327 1705 1421 1751 439,
1452 1704 1514 1740 16.

284 1833 315 1874 1)
343 1830 412 1864 Cfr.
434 1830 581 1864 Bremer
603 1829 808 1873 Im'z'sprml.
830 1830 944 1863 anteh.
965 1829 997 1861 Π
1018 1832 1101 1870 315,
1122 1831 1206 1870 4073
1227 1830 1303 1861 488.

281 1880 313 1921 2)
341 1876 436 1910 Nam
468 1876 514 1910 ad
540 1876 740 1910 Varronem
772 1876 810 1909 in
836 1880 854 1917 ξ
882 1880 924 1909 13
954 1875 1107 1909 allatum
1133 1874 1245 1908 etiam
1270 1885 1363 1918 quae
1390 1884 1514 1907 secun-

187 1926 246 1957 tur
272 1924 475 1957 revocanda
500 1925 595 1964 sunt,
621 1923 677 1956 vd.
698 1923 847 1957 Miinzer
868 1926 950 1960 12⁵2:
973 1926 1049 1956 176.

282 1972 314 2009 3)
342 1970 433 2004 Non.
454 1970 486 2003 Π
510 1982 544 2013 p.
569 1974 644 2011 121,
668 1974 709 2003 19
735 1971 943 2004 halucinarz'
967 1970 1147 2010 aberrare,
1180 1968 1243 2001 ubi
1270 1967 1378 2002 Gellii
1405 1969 1516 2011 caput

187 2028 283 2050 nunc
309 2017 556 2051 desideratum
585 2017 665 2050 VIII
685 2021 704 2050 3
731 2019 816 2050 ante
842 2017 965 2050 oculos
990 2015 1131 2049 habuit.

281 2066 315 2107 4)
342 2064 459 2097 Aliter
484 2076 517 2107 p.
542 2067 618 2105 100„
640 2068 669 2097 8.

283 2115 317 2153 5)
344 2110 413 2144 Cfr.
441 2110 505 2144 Ne.
534 2114 610 2143 213.
667 2111 822 2144 Fascim:
857 2109 1054 2153 explicatio
1091 2110 1169 2143 toto
1208 2108 1307 2142 caelo
1345 2107 1460 2141 distat
1496 2118 1516 2140 a

190 2157 295 2190 Pauli
315 2169 349 2201 p.
372 2161 426 2199 88,
449 2161 502 2199 14,
523 2157 585 2190 ubi
605 2159 681 2190 tam
700 2157 827 2200 paucis
848 2157 966 2190 verbis
985 2166 1042 2189 res
1062 2155 1272 2195 absolvitur,
1293 2155 1333 2188 ut
1349 2153 1515 2188 Verrium

188 2203 328 2248 largius
361 2203 537 2237 scientiae
570 2203 712 2247 copiam
745 2203 915 2237 effudisse
943 2203 1017 2236 iam
1043 2202 1258 2246 spondeam
1291 2212 1373 2235 cum
1399 2200 1516 2234 Gellio

192 2251 373 2285 consentit
398 2250 507 2284 Prisc.
528 2250 559 2283 II
580 2254 658 2291 284,
682 2254 721 2284 1ss
749 2249 836 2284 CGL
856 2250 904 2284 VI
924 2253 1001 2283 437.

286 2300 318 2341 6)
346 2297 415 2331 Cfr.
438 2297 546 2331 Hertz
570 2298 633 2340 02).
658 2298 699 2331 G.
722 2300 764 2330 99
780 2308 830 2341 sq.
