1617 2484
27 726 59 751 10

26 1138 58 1163 15

25 1432 57 1456 20

24 1726 56 1752 25

652 72 682 104 Υ
713 78 770 114 103
801 77 838 106 11
1332 74 1417 115 223

80 181 205 221 modo
232 181 333 232 fore,
365 181 426 221 uti
453 195 538 220 non
564 181 747 233 reddam,
780 181 891 234 quod
920 182 1040 235 petis⁷
1066 182 1152 221 sive
1180 184 1324 222 contra
1351 198 1417 223 me

80 239 399 293 pronuntiatum
432 240 559 280 suerit
591 240 677 280 sive
710 254 785 293 pro
819 255 895 280 me.
952 239 1062 280 Nam
1097 241 1130 281 si
1157 241 1313 281 iudices
1341 256 1415 294 pro
1434 253 1475 282 14

80 313 203 339 causa
235 313 327 339 mea
359 299 582 351 senserint,
614 298 721 339 nihil
753 298 830 339 tibi
863 314 912 339 ex
946 300 1153 339 sententia
1185 300 1417 351 debebitur,

80 357 178 410 quia
211 371 288 412 ego
321 357 478 409 vicero3
517 358 580 397 sin
614 360 760 398 contra
792 372 858 397 me
891 359 1274 411 pronuntiaverint,
1310 359 1416 399 nihil

80 416 158 457 tibi
190 431 239 456 ex
272 419 395 469 pacto
429 416 608 461 debebo.
642 416 739 469 quia
770 431 856 457 non
888 417 1055 457 vicero’

168 473 275 515 Tum
320 475 476 515 iudices
515 475 738 515 dubiosum
777 474 858 515 hoc
895 476 1275 529 inexplicabileque
1314 488 1473 530 esse‚15

79 534 193 587 quod
218 534 430 586 utrimque
457 534 684 587 dicebatur,
715 534 807 587 rati,
838 548 890 574 ne
917 536 1123 575 sententia
1150 550 1236 588 sua,
1260 538 1415 576 utram-

79 606 259 645 cumque
285 593 329 632 in
354 595 515 646 partem
543 593 653 633 dicta
673 595 793 645 esset,
819 593 909 647 ipsa
930 608 1018 633 sese
1038 594 1303 647 rescinderet,
1328 609 1415 635 rem

79 651 350 692 iniudicatam
376 652 638 705 reliquerunt
658 665 910 705 causamque
930 653 973 692 in
994 653 1103 693 diem
1124 654 1415 707 longissimam

80 710 344 751 distulerunt.
402 709 471 751 Sic
502 711 554 751 ab
581 711 847 751 adulescente
874 711 1080 765 discipulo
1107 713 1308 765 magister
1334 713 1416 753 elo·
1434 724 1474 754 16

80 769 275 822 quentiae
307 770 491 810 inclutus
525 784 600 810 suo
634 770 714 810 sibi
741 773 990 825 argumento
1018 770 1259 811 confutatus
1287 775 1350 812 est
1375 775 1416 812 et

79 828 286 882 captionis
318 831 484 869 versute
516 829 779 883 excogitatae
811 829 1036 870 frustratus
1070 830 1160 869 fuit.

718 957 777 998 x{I

78 1037 220 1071 Biantis
245 1038 289 1071 de
309 1048 347 1072 re
367 1038 496 1072 uxoria
517 1038 773 1083 syllogismum
793 1049 866 1072 non
885 1049 992 1083 posse
1012 1039 1128 1073 videri
1149 1038 1413 1084 ἁντιστρέφειν.

165 1122 425 1163 Existimant
462 1122 633 1176 quidam
672 1123 798 1164 etiam
836 1123 941 1164 illud
979 1122 1197 1177 Biantis,
1236 1124 1315 1164 viri
1354 1139 1414 1164 sa·
1455 1136 1471 1165 1

77 1182 231 1235 pientis
263 1195 311 1221 ac
342 1181 509 1234 nobilis,
540 1196 790 1235 responsum
823 1182 1041 1223 consimile
1073 1197 1162 1223 esse
1194 1185 1320 1236 atque
1352 1186 1415 1224 est

77 1240 417 1295 Protagorion
455 1241 578 1293 illud,
616 1241 664 1281 de
698 1255 781 1294 quo
814 1241 900 1282 dixi
932 1242 1076 1294 modo,
1115 1241 1414 1295 ἀντιστρέφον.

76 1298 187 1340 Nam
232 1313 327 1340 cum
370 1302 544 1354 rogatus
585 1302 694 1340 esset
730 1314 754 1340 a
792 1300 975 1352 quodam
1012 1299 1147 1354 Bias7
1191 1300 1414 1342 deberetne

76 1373 251 1399 uxorem
284 1358 445 1411 ducere,
476 1373 530 1398 an
561 1358 691 1399 vitani
724 1359 862 1400 vivere
895 1359 1114 1400 caelibem:
1146 1359 1242 1412 ἤτοι
1274 1360 1414 1413 inquit

76 1417 212 1470 καλὴν
244 1416 358 1466 ἄξεις
389 1416 414 1470 ἢ
448 1417 648 1471 αἰσχράν·
679 1416 751 1458 καὶ
784 1419 824 1459 εἰ
846 1420 1002 1471 καλήν,
1033 1417 1140 1467 ἕξεις
1171 1420 1343 1472 κοινήν,
1377 1420 1414 1460 εἰ

77 1473 125 1517 δὲ
157 1475 353 1530 αἰσχράν,
387 1474 494 1525 ἕξεις
524 1477 701 1529 ποινήν·
734 1475 936 1530 ἑκάτερον
968 1474 1015 1518 δὲ
1046 1477 1098 1518 οὐ
1125 1476 1326 1530 ληπτέον·
1359 1477 1412 1518 οὐ

76 1534 290 1589 γαμητέον
321 1535 415 1589 ἄρα.

166 1592 235 1634 Sic
271 1596 412 1634 autem
448 1593 530 1634 hoc
566 1609 733 1635 rursum
773 1597 1040 1635 convertunt:
1079 1596 1137 1635 Εἰ
1165 1592 1245 1648 μὲν
1277 1595 1413 1648 καλὴν
1451 1607 1470 1637 3

77 1652 179 1705 ἄξω,
211 1652 290 1706 οὐχ
322 1651 400 1701 ἔξω
432 1654 609 1706 ποινήν·
642 1654 681 1694 εἰ
711 1650 758 1694 δὲ
790 1653 988 1707 αἰσχράν,
1021 1653 1100 1708 οὐχ
1132 1652 1210 1702 ἔξω
1242 1656 1412 1707 κοινήν·

77 1710 290 1765 γαμητέον
333 1712 427 1765 ἄρα.
496 1710 578 1752 Sed
620 1712 794 1753 minime
836 1711 918 1752 hoc
961 1727 1050 1753 esse
1093 1713 1259 1753 videtur
1296 1711 1412 1753 ἀντι-
1449 1725 1471 1755 4

77 1769 282 1823 στᾪεεξοον7
315 1770 514 1823 quonjam
547 1785 597 1811 ex
629 1771 761 1811 altero
786 1772 916 1811 latere
943 1785 1192 1812 conversum
1218 1771 1411 1826 frigidius

77 1831 139 1869 est
177 1829 480 1882 infirmiusque.
541 1828 653 1870 Nam
685 1829 800 1870 Bias
839 1829 1062 1883 proposuit
1098 1844 1185 1870 non
1219 1844 1308 1871 esse
1340 1831 1412 1870 du—
1450 1841 1469 1872 5

77 1888 251 1928 cendam
276 1902 452 1928 uxorem
478 1891 652 1942 propter
676 1889 925 1929 alterutrum
945 1888 1273 1941 incommodum,
1299 1890 1413 1942 quod

76 1946 310 1987 necessario
348 1946 592 2000 patiendum
631 1947 710 1988 erit
747 1947 801 2000 ei,
843 1947 914 2000 qui
953 1947 1128 1988 duxerit.
1197 1947 1278 1997 Qui
1316 1962 1412 1989 con·
1450 1960 1469 1990 6

1453 1313 1471 1342 [θ

172 2088 213 2118 15
229 2096 307 2127 sqq.
340 2084 446 2129 Diog.
468 2085 506 2119 L.
526 2085 577 2119 IV
604 2089 633 2128 7,
662 2089 681 2119 3
709 2088 779 2129 (48)
807 2085 869 2120 cfr.
891 2085 940 2120 VI
963 2090 992 2129 1,
1014 2090 1034 2120 4
1055 2089 1103 2131 (3)
1129 2086 1295 2121 Favorin.
1317 2087 1409 2121 Mus.

75 2130 142 2164 Rh.
164 2131 297 2166 XXXV
316 2136 395 2175 413,
419 2136 461 2165 14
487 2132 612 2175 ibique
633 2133 883 2167 Freudenthal

170 2264 189 2293 2
221 2261 267 2306 si]
294 2261 347 2295 sic
372 2265 437 2294 RV
462 2264 473 2305 Η
501 2265 542 2295 12
575 2262 783 2307 excogitate
810 2264 860 2305 (et
886 2273 960 2297 exc.
987 2264 1025 2306 P)
1053 2277 1080 2296 ω
1106 2265 1116 2307 ΙΙ
1144 2267 1186 2297 14
1211 2263 1354 2298 Liantis
1379 2267 1408 2296 V

75 2306 201 2341 Bionis
231 2308 466 2344 Gasaubouus
484 2320 528 2343 ear
546 2310 654 2355 Πίος).
678 2310 720 2344 L.
742 2311 753 2354 ΙΙ
773 2313 816 2343 23
842 2309 911 2344 Hic
930 2314 955 2343 P
974 2312 986 2354 Η
1006 2314 1048 2344 28
1076 2310 1231 2345 alterum
1251 2314 1281 2344 R
