1611 2474
177 50 263 90 214
567 91 570 93 ,
773 49 805 84 V
831 54 867 91 4;
895 54 914 84 5

177 158 308 198 libros
359 157 571 198 adhibitus
621 157 854 211 repperisse
896 173 1027 198 unum
1071 158 1115 198 in
1156 158 1265 199 libro
1309 158 1506 199 mendum

178 216 358 271 diceba-{33
397 217 468 257 sed
506 218 651 256 contra
688 215 883 256 librarius
920 216 963 257 in
995 217 1171 269 quodvis
1202 218 1355 272 pignus
1387 230 1506 258 voca-

142 275 267 327 3bat‚
307 275 341 315 si
380 275 423 314 in
461 289 544 315 una
581 275 745 328 uspiam
776 275 917 315 littera
949 275 1148 316 delictum
1181 278 1298 316 esset.
1360 274 1506 316 Osten-

177 334 302 374 debat
334 333 630 388 grammaticus
663 334 722 373 ita
754 334 955 387 scriptum
989 334 1032 374 in
1064 334 1197 374 libro
1230 337 1408 387 quarto
1436 334 1505 386 (fr.

175 396 200 432 6
224 392 312 445 P.):
359 391 678 445 Quapropter
714 395 815 432 tum
853 392 1065 446 primum
1104 407 1160 433 ex
1197 392 1342 446 plebe
1379 393 1507 433 alter
1544 408 1558 433 5

175 451 350 491 consul
381 451 545 491 factus
579 453 653 491 est
685 450 1025 491 duovicesimo
1058 465 1202 503 anno,
1241 454 1506 504 postquam

140 508 377 550 4Romam
421 507 553 549 Galli
594 511 845 563 ceperunt.
915 509 1042 550 ‘Non'
1082 510 1221 563 inquit
1260 509 1506 550 ‘duovice-

140 568 316 620 5simo,
349 568 421 609 sed
454 568 821 609 ‘duodevicesimo’
853 568 977 608 scribi
1005 569 1202 622 oportuit.
1259 568 1369 617 Quid
1395 568 1506 609 enim

174 629 237 667 est
280 626 668 673 duovicesimo'.>⁹
737 627 833 679 <***
873 625 1030 667 Varro
1072 627 1397 667 humanarum
1434 642 1506 668 re-

173 700 278 725 111111
311 685 393 726 lib.
423 683 523 725 XVI
557 685 626 738 (fr
647 685 834 738 1Μιζ·)>
871 685 940 726 hic
972 684 1030 725 ita
1062 686 1245 739 scripsit.
1278 685 1506 726 Mortuus
1526 701 1560 726 10

174 747 248 784 est
287 758 414 785 anno
454 744 813 797 duovicesimo3
850 758 935 785 rex
972 744 1071 785 fuit
1108 758 1261 785 annos
1298 743 1399 784 XXI
1436 759 1505 782 *μοι

173 940 385 983 Cuiusmodi
436 942 514 975 ioco
562 941 795 975 incavillatus
840 942 888 974 sit
931 941 1153 975 Antiochum
1196 951 1320 985 regem
1364 941 1505 974 Poenus

218 988 416 1022 Hannibal.

79 1049 155 1115 Vll
260 1070 310 1112 In
352 1071 500 1112 libris
545 1074 767 1112 veterum
810 1072 1159 1112 memoriarum
1205 1072 1406 1125 scriptum
1444 1074 1507 1112 est
1527 1088 1559 1113 15

173 1128 456 1172 Hannibalem
495 1129 883 1185 Carthaginiensem
920 1131 1032 1184 apud
1068 1144 1209 1185 regem
1248 1129 1507 1171 Antiochum

172 1188 424 1230 facetissime
459 1190 701 1230 cavillatum
733 1203 832 1230 esse.
888 1188 950 1229 Ea
980 1188 1191 1229 cavillatio
1216 1188 1507 1230 huiuscemodi

139 1259 158 1289 2
174 1248 272 1288 fuit:
300 1246 557 1289 Ostendebat
582 1248 620 1289 ei
639 1247 875 1289 Antiochus
902 1248 946 1288 in
972 1262 1120 1301 campo
1147 1248 1288 1301 copias
1311 1248 1506 1302 ingentis,

174 1321 277 1359 quas
321 1306 479 1347 bellum
523 1308 682 1360 populo
722 1306 912 1347 Romano
956 1307 1142 1347 facturus
1181 1308 1506 1360 comparaverat,

174 1366 529 1419 convertebatque
555 1366 785 1406 exercitum
810 1365 1048 1419 insignibus
1074 1366 1282 1420 argenteis
1309 1367 1350 1405 et
1369 1365 1504 1405 aureis
1525 1381 1558 1406 20

140 1424 411 1477 3florentem3
444 1424 669 1465 inducebat
700 1424 827 1465 etiam
860 1438 1004 1464 currus
1035 1438 1130 1464 cum
1156 1423 1333 1464 falcibus
1361 1426 1401 1464 et
1427 1424 1506 1464 ele-

173 1483 354 1535 phantos
394 1496 489 1523 cum
526 1483 712 1523 turribus
747 1482 1066 1536 equitatumque
1097 1482 1244 1534 frenis,
1282 1481 1506 1536 ephippiis,

140 1553 159 1582 4
176 1540 417 1594 monilibus⁷
448 1541 632 1595 phaleris
659 1542 1004 1595 praefulgentem.
1059 1539 1200 1593 Atque
1226 1540 1285 1580 ibi
1310 1555 1383 1581 rex
1410 1554 1506 1582 con-

174 1600 450 1653 templatione
482 1600 588 1640 tanti
620 1614 669 1641 ac
693 1602 780 1640 tam
807 1599 943 1640 ornati
970 1599 1176 1640 exercitus
1203 1599 1506 1654 gloriabundus

173 1658 457 1699 Hannibalem
489 1659 641 1712 aspicit
672 1661 715 1699 et
746 1658 953 1712 ‘putasne’
988 1658 1126 1711 inquit
1158 1657 1353 1698 ‘conferri
1382 1672 1506 1711 posse
1526 1673 1560 1699 25

268 1789 288 1819 8
303 1797 380 1829 sqq.
408 1785 499 1820 Non.
521 1785 554 1818 II
573 1797 607 1829 p.
631 1789 707 1828 100,
729 1790 747 1819 9
774 1785 1044 1819 ‘Duovieesimo
1065 1784 1290 1828 ffluodevic?
1314 1784 1432 1828 codd.)
1453 1784 1507 1817 ita

172 1833 215 1865 ut
241 1832 469 1866 duodecimo.
507 1832 622 1866 Varro
649 1832 893 1866 humanarum
916 1843 1038 1866 rerum
1058 1831 1120 1865 lib.
1141 1831 1240 1865 XVI:
1267 1833 1431 1865 mortuus
1451 1832 1508 1864 est

175 1890 269 1912 anno
291 1879 537 1913 duovicesimo
558 1879 793 1923 (‘duodevic.’
816 1879 952 1923 codd.);
972 1889 1034 1912 rex
1054 1878 1126 1912 fuit
1146 1889 1259 1912 annos
1280 1877 1371 1912 XXI.
1417 1877 1506 1911 Cato

174 1926 213 1959 in
233 1928 363 1970 quarto
385 1926 584 1971 originum:
606 1926 747 1960 Deinde
765 1926 1012 1960 duovicesimo
1027 1925 1369 1969 Gduodeuicesimo’
1387 1924 1505 1967 codd.)

153 1983 270 2012 ,anno
290 1975 373 2017 post
393 1973 585 2007 dimissum
605 1973 744 2007 bellum
764 1973 853 2017 eqs.’
996 1975 1036 2006 16
1052 1984 1129 2015 sqq.
1156 1972 1266 2006 Maer.
1288 1971 1319 2004 H
1340 1975 1371 2014 2,
1394 1975 1410 2004 1
1427 1982 1504 2014 sqq.

271 2094 287 2123 1
320 2101 420 2134 repp
449 2090 544 2137 (se)
572 2092 683 2125 Hertz
706 2092 709 2134 Ι
732 2101 803 2124 uno
831 2090 932 2131 Birt
964 2089 1023 2123 sed
1048 2089 1103 2124 td
1126 2089 1347 2130 Lomdwehr,
1373 2088 1507 2123 Archiz

174 2137 200 2178 f.
224 2138 256 2170 I
259 2148 310 2170 eoe
342 2139 396 2171 VI
409 2140 483 2171 226
502 2139 512 2180 ΙΙ
533 2141 564 2179 6
592 2141 622 2179 7
650 2141 681 2180 9,
711 2141 750 2171 11
779 2137 850 2170 duo
877 2138 914 2170 et
938 2136 1114 2170 uicesimo
1135 2149 1161 2169 ω
1181 2147 1268 2171 corr.
1293 2134 1508 2180 Quicheratss

175 2187 195 2217 8
229 2184 299 2217 duo
333 2185 368 2218 et
398 2184 571 2218 vicesimo
598 2165 710 2219 Hertz
728 2186 740 2228 ΙΙ
760 2187 779 2217 9
812 2185 1003 2218 Lacunam
1031 2194 1149 2226 parva
1180 2193 1223 2217 em
1243 2186 1348 2225 parte
1372 2182 1508 2225 eoepleri

170 2241 274 2273 posse
293 2242 336 2265 esc
356 2231 478 2265 Nonio
498 2231 568 2273 (ud.
590 2234 719 2274 supra)
740 2232 991 2265 intelleoeerunt
1016 2230 1174 2274 Thysms
1190 2230 1235 2263 al.
1250 2229 1262 2275 Η
1278 2233 1317 2262 11
1346 2239 1440 2262 anno
1453 2232 1482 2262 V
1495 2228 1508 2274 Η

176 2281 219 2311 20
246 2278 561 2321 contuebaturque
585 2279 685 2323 May.
707 2280 718 2321 ΙΙ
738 2282 778 2311 21
806 2277 1078 2320 inducebatque
1098 2280 1122 2309 P
