<?xml version="1.0" encoding="UTF-8"?>
<!DOCTYPE html PUBLIC "-//W3C//DTD XHTML 1.0 Transitional//EN"
    "http://www.w3.org/TR/xhtml1/DTD/xhtml1-transitional.dtd">
<html xmlns="http://www.w3.org/1999/xhtml" xml:lang="en" lang="en">
 <head>
  <title>
</title>
<meta http-equiv="Content-Type" content="text/html;charset=utf-8" />
  <meta name='ocr-system' content='tesseract 3.04.00' />
  <meta name='ocr-capabilities' content='ocr_page ocr_carea ocr_par ocr_line ocrx_word'/>
</head>
<body>
  <div class='ocr_page' id='page_1' title='image "./agelliinoctiumat01gelluoft_0035.png"; bbox 0 0 1602 2484; ppageno 0'>
   <div class='ocr_carea' id='block_1_1' title="bbox 620 48 1419 84">
    <p class='ocr_par' dir='ltr' id='par_1_1' title="bbox 620 48 1419 84">
     <span class='ocr_line' id='line_1_1' title="bbox 620 48 1419 84; baseline -0.001 0"><span class='ocrx_word' id='word_1_1' title='bbox 620 50 887 84; x_wconf 72' lang='lat' dir='ltr'>PRAEFATIO</span> <span class='ocrx_word' id='word_1_2' title='bbox 1307 48 1419 83; x_wconf 78' lang='lat' dir='ltr'>xxx]</span> 
     </span>
    </p>
   </div>
   <div class='ocr_carea' id='block_1_2' title="bbox 71 157 1419 1688">
    <p class='ocr_par' dir='ltr' id='par_1_2' title="bbox 71 157 1419 1688">
     <span class='ocr_line' id='line_1_2' title="bbox 85 157 1417 214; baseline -0.002 -14"><span class='ocrx_word' id='word_1_3' title='bbox 85 163 165 214; x_wconf 74' lang='lat' dir='ltr'>(Di.</span> <span class='ocrx_word' id='word_1_4' title='bbox 201 164 252 200; x_wconf 82' lang='lat'>32</span> <span class='ocrx_word' id='word_1_5' title='bbox 293 164 364 199; x_wconf 86' lang='lat' dir='ltr'>Me.</span> <span class='ocrx_word' id='word_1_6' title='bbox 397 164 498 210; x_wconf 75' lang='lat'>6483</span> <span class='ocrx_word' id='word_1_7' title='bbox 532 164 612 199; x_wconf 90' lang='lat'>666</span> <span class='ocrx_word' id='word_1_8' title='bbox 651 163 715 199; x_wconf 71' lang='grc' dir='ltr'>ΚΓ.</span> <span class='ocrx_word' id='word_1_9' title='bbox 745 164 797 199; x_wconf 81' lang='grc'>59</span> <span class='ocrx_word' id='word_1_10' title='bbox 832 163 901 200; x_wconf 73' lang='lat' dir='ltr'>Ru.</span> <span class='ocrx_word' id='word_1_11' title='bbox 931 157 1046 214; x_wconf 80' lang='lat'>65)¹)</span> <span class='ocrx_word' id='word_1_12' title='bbox 1068 182 1121 186; x_wconf 82' lang='lat'>—</span> <span class='ocrx_word' id='word_1_13' title='bbox 1147 163 1169 197; x_wconf 80' lang='grc'>5</span> <span class='ocrx_word' id='word_1_14' title='bbox 1209 174 1251 198; x_wconf 83' lang='lat' dir='ltr'>ex</span> <span class='ocrx_word' id='word_1_15' title='bbox 1292 162 1417 198; x_wconf 83' lang='lat' dir='ltr'>Verrii</span> 
     </span>
     <span class='ocr_line' id='line_1_3' title="bbox 83 215 1417 273; baseline -0.003 -14"><span class='ocrx_word' id='word_1_16' title='bbox 83 235 210 259; x_wconf 88' lang='lat' dir='ltr'>rerum</span> <span class='ocrx_word' id='word_1_17' title='bbox 243 223 430 259; x_wconf 87' lang='lat' dir='ltr'>memoria</span> <span class='ocrx_word' id='word_1_18' title='bbox 461 222 668 271; x_wconf 81' lang='lat' dir='ltr'>dignarum</span> <span class='ocrx_word' id='word_1_19' title='bbox 702 222 715 258; x_wconf 97' lang='lat' dir='ltr'>I</span> <span class='ocrx_word' id='word_1_20' title='bbox 749 216 839 273; x_wconf 72' lang='lat' dir='ltr'>(Me.</span> <span class='ocrx_word' id='word_1_21' title='bbox 869 222 947 257; x_wconf 81' lang='grc'>651</span> <span class='ocrx_word' id='word_1_22' title='bbox 984 220 1048 257; x_wconf 86' lang='lat' dir='ltr'>Kr.</span> <span class='ocrx_word' id='word_1_23' title='bbox 1079 222 1099 256; x_wconf 85' lang='lat'>7</span> <span class='ocrx_word' id='word_1_24' title='bbox 1135 220 1204 257; x_wconf 82' lang='lat' dir='ltr'>Ru.</span> <span class='ocrx_word' id='word_1_25' title='bbox 1234 215 1307 271; x_wconf 73' lang='lat'>38)</span> <span class='ocrx_word' id='word_1_26' title='bbox 1328 242 1361 244; x_wconf 31' lang='grc' dir='ltr'>νὴ</span> <span class='ocrx_word' id='word_1_27' title='bbox 1395 222 1417 256; x_wconf 89' lang='grc'>6</span> 
     </span>
     <span class='ocr_line' id='line_1_4' title="bbox 83 275 1417 331; baseline -0.002 -13"><span class='ocrx_word' id='word_1_28' title='bbox 83 283 237 330; x_wconf 85' lang='lat' dir='ltr'>praeter</span> <span class='ocrx_word' id='word_1_29' title='bbox 274 283 437 318; x_wconf 78' lang='lat' dir='ltr'>sortasse</span> <span class='ocrx_word' id='word_1_30' title='bbox 475 280 499 328; x_wconf 79' lang='lat'>5³</span> <span class='ocrx_word' id='word_1_31' title='bbox 533 282 552 317; x_wconf 84' lang='grc'>4</span> <span class='ocrx_word' id='word_1_32' title='bbox 597 294 639 317; x_wconf 83' lang='lat' dir='ltr'>ex</span> <span class='ocrx_word' id='word_1_33' title='bbox 680 281 867 329; x_wconf 72' lang='lat' dir='ltr'>Capitone</span> <span class='ocrx_word' id='word_1_34' title='bbox 900 281 922 317; x_wconf 93' lang='lat' dir='ltr'>l.</span> <span class='ocrx_word' id='word_1_35' title='bbox 956 280 979 316; x_wconf 88' lang='lat'>1.</span> <span class='ocrx_word' id='word_1_36' title='bbox 1020 275 1104 331; x_wconf 82' lang='lat' dir='ltr'>(Kr.</span> <span class='ocrx_word' id='word_1_37' title='bbox 1140 280 1191 316; x_wconf 86' lang='grc'>67</span> <span class='ocrx_word' id='word_1_38' title='bbox 1229 280 1300 316; x_wconf 84' lang='lat' dir='ltr'>Me.</span> <span class='ocrx_word' id='word_1_39' title='bbox 1332 292 1417 315; x_wconf 73' lang='lat' dir='ltr'>ann.</span> 
     </span>
     <span class='ocr_line' id='line_1_5' title="bbox 86 335 1419 391; baseline -0.003 -14"><span class='ocrx_word' id='word_1_40' title='bbox 86 335 263 391; x_wconf 85' lang='lat'>719)—</span> <span class='ocrx_word' id='word_1_41' title='bbox 285 341 309 376; x_wconf 90' lang='grc'>8</span> <span class='ocrx_word' id='word_1_42' title='bbox 349 353 392 377; x_wconf 86' lang='lat' dir='ltr'>ex</span> <span class='ocrx_word' id='word_1_43' title='bbox 425 339 573 389; x_wconf 74' lang='lat' dir='ltr'>Hygini</span> <span class='ocrx_word' id='word_1_44' title='bbox 612 340 658 377; x_wconf 81' lang='lat' dir='ltr'>de</span> <span class='ocrx_word' id='word_1_45' title='bbox 696 341 790 377; x_wconf 84' lang='lat' dir='ltr'>viris</span> <span class='ocrx_word' id='word_1_46' title='bbox 828 340 882 376; x_wconf 84' lang='lat' dir='ltr'>ill.</span> <span class='ocrx_word' id='word_1_47' title='bbox 922 335 1012 391; x_wconf 75' lang='lat' dir='ltr'>(Me.</span> <span class='ocrx_word' id='word_1_48' title='bbox 1045 338 1123 374; x_wconf 79' lang='lat' dir='ltr'>ind.</span> <span class='ocrx_word' id='word_1_49' title='bbox 1162 340 1210 375; x_wconf 71' lang='lat'>14</span> <span class='ocrx_word' id='word_1_50' title='bbox 1253 339 1321 374; x_wconf 73' lang='lat' dir='ltr'>Ru.</span> <span class='ocrx_word' id='word_1_51' title='bbox 1353 340 1419 385; x_wconf 68' lang='lat'>46,</span> 
     </span>
     <span class='ocr_line' id='line_1_6' title="bbox 82 394 1416 450; baseline -0.002 -14"><span class='ocrx_word' id='word_1_52' title='bbox 82 400 148 437; x_wconf 87' lang='lat' dir='ltr'>cfr.</span> <span class='ocrx_word' id='word_1_53' title='bbox 169 399 240 436; x_wconf 82' lang='lat' dir='ltr'>Ne.</span> <span class='ocrx_word' id='word_1_54' title='bbox 263 394 365 450; x_wconf 81' lang='lat'>261)</span> <span class='ocrx_word' id='word_1_55' title='bbox 388 419 441 424; x_wconf 86' lang='lat'>—</span> <span class='ocrx_word' id='word_1_56' title='bbox 466 400 502 445; x_wconf 74' lang='lat'>9,</span> <span class='ocrx_word' id='word_1_57' title='bbox 526 401 634 435; x_wconf 70' lang='lat'>1——2</span> <span class='ocrx_word' id='word_1_58' title='bbox 666 412 708 435; x_wconf 82' lang='lat' dir='ltr'>ex</span> <span class='ocrx_word' id='word_1_59' title='bbox 735 399 909 448; x_wconf 79' lang='lat' dir='ltr'>Nigidio,</span> <span class='ocrx_word' id='word_1_60' title='bbox 937 399 959 435; x_wconf 78' lang='lat'><strong>3</strong></span> <span class='ocrx_word' id='word_1_61' title='bbox 976 410 1057 446; x_wconf 86' lang='lat' dir='ltr'>sqq.</span> <span class='ocrx_word' id='word_1_62' title='bbox 1086 410 1128 434; x_wconf 82' lang='lat' dir='ltr'>ex</span> <span class='ocrx_word' id='word_1_63' title='bbox 1156 398 1327 434; x_wconf 81' lang='lat' dir='ltr'>Masurio</span> <span class='ocrx_word' id='word_1_64' title='bbox 1348 397 1416 433; x_wconf 88' lang='lat'>1.·1.</span> 
     </span>
     <span class='ocr_line' id='line_1_7' title="bbox 82 452 1413 509; baseline -0.002 -14"><span class='ocrx_word' id='word_1_65' title='bbox 82 458 166 509; x_wconf 68' lang='lat' dir='ltr'>(Kr.</span> <span class='ocrx_word' id='word_1_66' title='bbox 199 459 271 506; x_wconf 79' lang='lat'>313</span> <span class='ocrx_word' id='word_1_67' title='bbox 305 458 357 494; x_wconf 85' lang='lat'>55</span> <span class='ocrx_word' id='word_1_68' title='bbox 391 459 458 495; x_wconf 82' lang='lat' dir='ltr'>cfr.</span> <span class='ocrx_word' id='word_1_69' title='bbox 489 452 603 509; x_wconf 74' lang='lat'>79)‘-&#39;)</span> <span class='ocrx_word' id='word_1_70' title='bbox 636 478 691 481; x_wconf 66' lang='lat'>—-</span> <span class='ocrx_word' id='word_1_71' title='bbox 728 460 775 494; x_wconf 93' lang='grc'>11</span> <span class='ocrx_word' id='word_1_72' title='bbox 812 471 855 493; x_wconf 83' lang='lat' dir='ltr'>ex</span> <span class='ocrx_word' id='word_1_73' title='bbox 888 457 1088 494; x_wconf 73' lang='lat' dir='ltr'>Plutarchi</span> <span class='ocrx_word' id='word_1_74' title='bbox 1120 456 1166 494; x_wconf 84' lang='lat' dir='ltr'>de</span> <span class='ocrx_word' id='word_1_75' title='bbox 1198 456 1366 494; x_wconf 81' lang='lat' dir='ltr'>Homero</span> <span class='ocrx_word' id='word_1_76' title='bbox 1401 456 1413 493; x_wconf 93' lang='lat' dir='ltr'>l</span> 
     </span>
     <span class='ocr_line' id='line_1_8' title="bbox 81 511 1414 568; baseline -0.002 -14"><span class='ocrx_word' id='word_1_77' title='bbox 81 519 234 566; x_wconf 85' lang='lat' dir='ltr'>praeter</span> <span class='ocrx_word' id='word_1_78' title='bbox 260 515 284 564; x_wconf 98' lang='lat'>5³</span> <span class='ocrx_word' id='word_1_79' title='bbox 313 517 349 563; x_wconf 86' lang='lat'>3,</span> <span class='ocrx_word' id='word_1_80' title='bbox 382 529 480 565; x_wconf 81' lang='lat' dir='ltr'>quae</span> <span class='ocrx_word' id='word_1_81' title='bbox 511 529 553 552; x_wconf 85' lang='lat' dir='ltr'>ex</span> <span class='ocrx_word' id='word_1_82' title='bbox 582 516 765 553; x_wconf 78' lang='lat' dir='ltr'>Cicerone</span> <span class='ocrx_word' id='word_1_83' title='bbox 791 518 876 565; x_wconf 90' lang='lat' dir='ltr'>ipso</span> <span class='ocrx_word' id='word_1_84' title='bbox 903 511 992 568; x_wconf 76' lang='lat' dir='ltr'>(Ru.</span> <span class='ocrx_word' id='word_1_85' title='bbox 1022 511 1114 567; x_wconf 68' lang='lat'>48),</span> <span class='ocrx_word' id='word_1_86' title='bbox 1145 515 1293 562; x_wconf 84' lang='lat' dir='ltr'>dubito,</span> <span class='ocrx_word' id='word_1_87' title='bbox 1325 529 1414 552; x_wconf 90' lang='lat' dir='ltr'>num</span> 
     </span>
     <span class='ocr_line' id='line_1_9' title="bbox 80 570 1416 628; baseline -0.001 -16"><span class='ocrx_word' id='word_1_88' title='bbox 80 578 192 614; x_wconf 85' lang='lat' dir='ltr'>recte.</span> <span class='ocrx_word' id='word_1_89' title='bbox 250 575 397 612; x_wconf 82' lang='lat' dir='ltr'>Gellius</span> <span class='ocrx_word' id='word_1_90' title='bbox 430 570 474 628; x_wconf 68' lang='grc' dir='ltr'>(ξ</span> <span class='ocrx_word' id='word_1_91' title='bbox 505 570 574 626; x_wconf 82' lang='grc'>13)</span> <span class='ocrx_word' id='word_1_92' title='bbox 606 575 859 612; x_wconf 70' lang='lat' dir='ltr'>Plutarchum</span> <span class='ocrx_word' id='word_1_93' title='bbox 892 577 931 611; x_wconf 93' lang='lat' dir='ltr'>in</span> <span class='ocrx_word' id='word_1_94' title='bbox 964 576 1219 623; x_wconf 78' lang='lat' dir='ltr'>symposiacis</span> <span class='ocrx_word' id='word_1_95' title='bbox 1252 575 1416 623; x_wconf 76' lang='lat' dir='ltr'>piscium</span> 
     </span>
     <span class='ocr_line' id='line_1_10' title="bbox 79 633 1417 684; baseline -0.001 -12"><span class='ocrx_word' id='word_1_96' title='bbox 79 635 291 672; x_wconf 86' lang='lat' dir='ltr'>mullorum</span> <span class='ocrx_word' id='word_1_97' title='bbox 335 646 442 672; x_wconf 90' lang='lat' dir='ltr'>esum</span> <span class='ocrx_word' id='word_1_98' title='bbox 484 634 755 684; x_wconf 67' lang='lat' dir='ltr'>Pythagoricis</span> <span class='ocrx_word' id='word_1_99' title='bbox 800 634 1040 671; x_wconf 73' lang='lat' dir='ltr'>abiudicasse</span> <span class='ocrx_word' id='word_1_100' title='bbox 1084 635 1186 681; x_wconf 81' lang='lat' dir='ltr'>vult3</span> <span class='ocrx_word' id='word_1_101' title='bbox 1228 633 1327 670; x_wconf 85' lang='lat' dir='ltr'>nihil</span> <span class='ocrx_word' id='word_1_102' title='bbox 1371 634 1417 671; x_wconf 81' lang='lat' dir='ltr'>de</span> 
     </span>
     <span class='ocr_line' id='line_1_11' title="bbox 79 692 1416 742; baseline -0.001 -11"><span class='ocrx_word' id='word_1_103' title='bbox 79 694 210 731; x_wconf 88' lang='lat' dir='ltr'>mullis</span> <span class='ocrx_word' id='word_1_104' title='bbox 254 695 428 731; x_wconf 86' lang='lat' dir='ltr'>invenies</span> <span class='ocrx_word' id='word_1_105' title='bbox 469 693 573 742; x_wconf 80' lang='lat' dir='ltr'>apud</span> <span class='ocrx_word' id='word_1_106' title='bbox 611 693 712 732; x_wconf 87' lang='lat' dir='ltr'>Plut.</span> <span class='ocrx_word' id='word_1_107' title='bbox 746 705 869 741; x_wconf 84' lang='lat' dir='ltr'>symp.</span> <span class='ocrx_word' id='word_1_108' title='bbox 902 692 997 729; x_wconf 87' lang='lat' dir='ltr'>VIII</span> <span class='ocrx_word' id='word_1_109' title='bbox 1032 694 1068 739; x_wconf 76' lang='lat'>8,</span> <span class='ocrx_word' id='word_1_110' title='bbox 1113 694 1183 741; x_wconf 84' lang='lat' dir='ltr'>qui</span> <span class='ocrx_word' id='word_1_111' title='bbox 1226 705 1301 729; x_wconf 90' lang='lat' dir='ltr'>non</span> <span class='ocrx_word' id='word_1_112' title='bbox 1341 694 1416 730; x_wconf 88' lang='lat' dir='ltr'>nisi</span> 
     </span>
     <span class='ocr_line' id='line_1_12' title="bbox 78 751 1415 803; baseline -0.001 -13"><span class='ocrx_word' id='word_1_113' title='bbox 78 754 294 803; x_wconf 79' lang='lat' dir='ltr'>generatim</span> <span class='ocrx_word' id='word_1_114' title='bbox 320 753 366 790; x_wconf 82' lang='lat' dir='ltr'>de</span> <span class='ocrx_word' id='word_1_115' title='bbox 392 752 562 801; x_wconf 72' lang='lat' dir='ltr'>piscibus</span> <span class='ocrx_word' id='word_1_116' title='bbox 590 754 758 801; x_wconf 78' lang='lat' dir='ltr'>exponit.</span> <span class='ocrx_word' id='word_1_117' title='bbox 810 752 926 789; x_wconf 79' lang='lat' dir='ltr'>Recte</span> <span class='ocrx_word' id='word_1_118' title='bbox 953 754 1082 789; x_wconf 82' lang='lat' dir='ltr'>tamen</span> <span class='ocrx_word' id='word_1_119' title='bbox 1106 752 1246 788; x_wconf 86' lang='lat' dir='ltr'>mullos</span> <span class='ocrx_word' id='word_1_120' title='bbox 1268 751 1415 789; x_wconf 76' lang='lat' dir='ltr'>Gellius</span> 
     </span>
     <span class='ocr_line' id='line_1_13' title="bbox 78 810 1415 861; baseline -0.001 -12"><span class='ocrx_word' id='word_1_121' title='bbox 78 813 246 860; x_wconf 83' lang='lat' dir='ltr'>excepit,</span> <span class='ocrx_word' id='word_1_122' title='bbox 282 824 449 860; x_wconf 90' lang='lat' dir='ltr'>quorum</span> <span class='ocrx_word' id='word_1_123' title='bbox 479 823 593 849; x_wconf 93' lang='lat' dir='ltr'>usum</span> <span class='ocrx_word' id='word_1_124' title='bbox 624 811 870 861; x_wconf 81' lang='lat' dir='ltr'>Pythagoras</span> <span class='ocrx_word' id='word_1_125' title='bbox 902 811 1104 859; x_wconf 88' lang='lat' dir='ltr'>prohibuit</span> <span class='ocrx_word' id='word_1_126' title='bbox 1135 813 1233 848; x_wconf 88' lang='lat' dir='ltr'>teste</span> <span class='ocrx_word' id='word_1_127' title='bbox 1264 810 1415 848; x_wconf 84' lang='lat' dir='ltr'>Aristo-</span> 
     </span>
     <span class='ocr_line' id='line_1_14' title="bbox 79 864 1415 921; baseline -0.001 -13"><span class='ocrx_word' id='word_1_128' title='bbox 79 871 154 908; x_wconf 88' lang='lat' dir='ltr'>tele</span> <span class='ocrx_word' id='word_1_129' title='bbox 186 871 291 919; x_wconf 80' lang='lat' dir='ltr'>apud</span> <span class='ocrx_word' id='word_1_130' title='bbox 316 870 429 920; x_wconf 87' lang='lat' dir='ltr'>Diog.</span> <span class='ocrx_word' id='word_1_131' title='bbox 457 870 498 907; x_wconf 90' lang='lat' dir='ltr'>L.</span> <span class='ocrx_word' id='word_1_132' title='bbox 526 870 622 906; x_wconf 88' lang='lat' dir='ltr'>VIII</span> <span class='ocrx_word' id='word_1_133' title='bbox 652 873 687 918; x_wconf 90' lang='lat'>1,</span> <span class='ocrx_word' id='word_1_134' title='bbox 718 872 767 906; x_wconf 87' lang='grc'>18</span> <span class='ocrx_word' id='word_1_135' title='bbox 796 864 908 921; x_wconf 82' lang='lat'>(19);</span> <span class='ocrx_word' id='word_1_136' title='bbox 937 871 1003 906; x_wconf 85' lang='lat' dir='ltr'>cfr.</span> <span class='ocrx_word' id='word_1_137' title='bbox 1035 871 1085 906; x_wconf 80' lang='lat'>19</span> <span class='ocrx_word' id='word_1_138' title='bbox 1114 865 1219 921; x_wconf 72' lang='lat'>(33).</span> <span class='ocrx_word' id='word_1_139' title='bbox 1276 869 1415 917; x_wconf 75' lang='lat' dir='ltr'>Itaque</span> 
     </span>
     <span class='ocr_line' id='line_1_15' title="bbox 75 928 1412 977; baseline -0.001 -11"><span class='ocrx_word' id='word_1_140' title='bbox 75 929 205 967; x_wconf 51' lang='lat' dir='ltr'>‘mullis</span> <span class='ocrx_word' id='word_1_141' title='bbox 235 942 359 977; x_wconf 88' lang='lat' dir='ltr'>neque</span> <span class='ocrx_word' id='word_1_142' title='bbox 391 929 517 967; x_wconf 86' lang='lat' dir='ltr'>delere</span> <span class='ocrx_word' id='word_1_143' title='bbox 550 930 657 966; x_wconf 90' lang='lat' dir='ltr'>volui</span> <span class='ocrx_word' id='word_1_144' title='bbox 689 942 776 966; x_wconf 86' lang='lat' dir='ltr'>cum</span> <span class='ocrx_word' id='word_1_145' title='bbox 802 928 959 965; x_wconf 86' lang='lat' dir='ltr'>Hertzio</span> <span class='ocrx_word' id='word_1_146' title='bbox 992 942 1115 976; x_wconf 79' lang='lat' dir='ltr'>neque</span> <span class='ocrx_word' id='word_1_147' title='bbox 1149 931 1299 965; x_wconf 78' lang='lat' dir='ltr'>mutare</span> <span class='ocrx_word' id='word_1_148' title='bbox 1328 942 1412 965; x_wconf 81' lang='lat' dir='ltr'>cuin</span> 
     </span>
     <span class='ocr_line' id='line_1_16' title="bbox 77 987 1414 1035; baseline 0 -10"><span class='ocrx_word' id='word_1_149' title='bbox 77 989 332 1035; x_wconf 87' lang='lat' dir='ltr'>Mommseno,</span> <span class='ocrx_word' id='word_1_150' title='bbox 371 988 436 1026; x_wconf 87' lang='lat' dir='ltr'>sed</span> <span class='ocrx_word' id='word_1_151' title='bbox 474 988 562 1025; x_wconf 84' lang='lat' dir='ltr'>inde</span> <span class='ocrx_word' id='word_1_152' title='bbox 601 990 730 1026; x_wconf 87' lang='lat' dir='ltr'>ortum</span> <span class='ocrx_word' id='word_1_153' title='bbox 769 989 965 1034; x_wconf 84' lang='lat' dir='ltr'>existimo,</span> <span class='ocrx_word' id='word_1_154' title='bbox 1004 988 1107 1035; x_wconf 84' lang='lat' dir='ltr'>quod</span> <span class='ocrx_word' id='word_1_155' title='bbox 1139 987 1287 1025; x_wconf 76' lang='lat' dir='ltr'>Gellius</span> <span class='ocrx_word' id='word_1_156' title='bbox 1319 987 1414 1025; x_wconf 81' lang='lat' dir='ltr'>duos</span> 
     </span>
     <span class='ocr_line' id='line_1_17' title="bbox 75 1047 1413 1095; baseline -0.001 -11"><span class='ocrx_word' id='word_1_157' title='bbox 75 1048 180 1085; x_wconf 82' lang='lat' dir='ltr'>locos</span> <span class='ocrx_word' id='word_1_158' title='bbox 224 1047 392 1084; x_wconf 83' lang='lat' dir='ltr'>alterum</span> <span class='ocrx_word' id='word_1_159' title='bbox 430 1047 630 1085; x_wconf 76' lang='lat' dir='ltr'>Plutarchi</span> <span class='ocrx_word' id='word_1_160' title='bbox 674 1047 841 1084; x_wconf 83' lang='lat' dir='ltr'>alterum</span> <span class='ocrx_word' id='word_1_161' title='bbox 884 1048 1011 1083; x_wconf 83' lang='lat' dir='ltr'>nescio</span> <span class='ocrx_word' id='word_1_162' title='bbox 1056 1047 1164 1083; x_wconf 88' lang='lat' dir='ltr'>cuius</span> <span class='ocrx_word' id='word_1_163' title='bbox 1202 1047 1413 1095; x_wconf 80' lang='lat' dir='ltr'>scriptoris,</span> 
     </span>
     <span class='ocr_line' id='line_1_18' title="bbox 76 1106 1413 1154; baseline -0.001 -11"><span class='ocrx_word' id='word_1_164' title='bbox 76 1117 175 1154; x_wconf 89' lang='lat' dir='ltr'>quos</span> <span class='ocrx_word' id='word_1_165' title='bbox 212 1107 324 1143; x_wconf 85' lang='lat' dir='ltr'>iuxta</span> <span class='ocrx_word' id='word_1_166' title='bbox 362 1107 508 1154; x_wconf 84' lang='lat' dir='ltr'>positos</span> <span class='ocrx_word' id='word_1_167' title='bbox 543 1107 585 1143; x_wconf 91' lang='lat' dir='ltr'>in</span> <span class='ocrx_word' id='word_1_168' title='bbox 617 1106 724 1143; x_wconf 84' lang='lat' dir='ltr'>fonte</span> <span class='ocrx_word' id='word_1_169' title='bbox 756 1117 824 1143; x_wconf 91' lang='lat' dir='ltr'>suo</span> <span class='ocrx_word' id='word_1_170' title='bbox 856 1106 1075 1152; x_wconf 78' lang='lat' dir='ltr'>invenerat,</span> <span class='ocrx_word' id='word_1_171' title='bbox 1113 1106 1292 1142; x_wconf 86' lang='lat' dir='ltr'>confusos</span> <span class='ocrx_word' id='word_1_172' title='bbox 1324 1106 1413 1141; x_wconf 85' lang='lat' dir='ltr'>Plu-</span> 
     </span>
     <span class='ocr_line' id='line_1_19' title="bbox 75 1164 1413 1214; baseline 0 -13"><span class='ocrx_word' id='word_1_173' title='bbox 75 1165 210 1202; x_wconf 77' lang='lat' dir='ltr'>tarcho</span> <span class='ocrx_word' id='word_1_174' title='bbox 254 1166 293 1201; x_wconf 84' lang='lat' dir='ltr'>in</span> <span class='ocrx_word' id='word_1_175' title='bbox 332 1177 455 1213; x_wconf 86' lang='lat' dir='ltr'>symp.</span> <span class='ocrx_word' id='word_1_176' title='bbox 495 1165 687 1202; x_wconf 70' lang='lat' dir='ltr'>attribuit.</span> <span class='ocrx_word' id='word_1_177' title='bbox 756 1164 849 1208; x_wconf 82' lang='lat' dir='ltr'>Quis</span> <span class='ocrx_word' id='word_1_178' title='bbox 888 1167 1060 1214; x_wconf 76' lang='lat' dir='ltr'>emerget</span> <span class='ocrx_word' id='word_1_179' title='bbox 1096 1164 1210 1201; x_wconf 76' lang='lat' dir='ltr'>fons?</span> <span class='ocrx_word' id='word_1_180' title='bbox 1276 1165 1413 1210; x_wconf 79' lang='lat' dir='ltr'>Multa,</span> 
     </span>
     <span class='ocr_line' id='line_1_20' title="bbox 75 1223 1412 1273; baseline -0.001 -13"><span class='ocrx_word' id='word_1_181' title='bbox 75 1236 174 1271; x_wconf 77' lang='lat' dir='ltr'>quae</span> <span class='ocrx_word' id='word_1_182' title='bbox 206 1225 246 1260; x_wconf 93' lang='lat' dir='ltr'>in</span> <span class='ocrx_word' id='word_1_183' title='bbox 273 1224 344 1261; x_wconf 89' lang='lat' dir='ltr'>hoc</span> <span class='ocrx_word' id='word_1_184' title='bbox 370 1225 498 1272; x_wconf 78' lang='lat' dir='ltr'>capite</span> <span class='ocrx_word' id='word_1_185' title='bbox 525 1225 688 1270; x_wconf 78' lang='lat' dir='ltr'>exstant,</span> <span class='ocrx_word' id='word_1_186' title='bbox 721 1223 823 1272; x_wconf 81' lang='lat' dir='ltr'>apud</span> <span class='ocrx_word' id='word_1_187' title='bbox 850 1223 963 1273; x_wconf 81' lang='lat' dir='ltr'>Diog.</span> <span class='ocrx_word' id='word_1_188' title='bbox 984 1223 1026 1260; x_wconf 89' lang='lat' dir='ltr'>L.</span> <span class='ocrx_word' id='word_1_189' title='bbox 1047 1223 1143 1259; x_wconf 78' lang='lat' dir='ltr'>VIII</span> <span class='ocrx_word' id='word_1_190' title='bbox 1167 1226 1185 1259; x_wconf 93' lang='lat'>1</span> <span class='ocrx_word' id='word_1_191' title='bbox 1215 1225 1412 1271; x_wconf 88' lang='lat' dir='ltr'>reperiun-</span> 
     </span>
     <span class='ocr_line' id='line_1_21' title="bbox 74 1281 1412 1330; baseline -0.001 -11"><span class='ocrx_word' id='word_1_192' title='bbox 74 1285 149 1319; x_wconf 86' lang='lat' dir='ltr'>tur.</span> <span class='ocrx_word' id='word_1_193' title='bbox 212 1281 319 1326; x_wconf 85' lang='lat' dir='ltr'>Quae</span> <span class='ocrx_word' id='word_1_194' title='bbox 350 1283 606 1320; x_wconf 76' lang='lat' dir='ltr'>Aristoxenus</span> <span class='ocrx_word' id='word_1_195' title='bbox 638 1281 663 1330; x_wconf 64' lang='grc' dir='ltr'>ξ</span> <span class='ocrx_word' id='word_1_196' title='bbox 692 1283 714 1319; x_wconf 87' lang='grc'>6</span> <span class='ocrx_word' id='word_1_197' title='bbox 755 1282 867 1329; x_wconf 77' lang='lat' dir='ltr'>dicit,</span> <span class='ocrx_word' id='word_1_198' title='bbox 905 1284 1109 1319; x_wconf 87' lang='lat' dir='ltr'>recurrunt</span> <span class='ocrx_word' id='word_1_199' title='bbox 1140 1282 1220 1319; x_wconf 88' lang='lat' dir='ltr'>fere</span> <span class='ocrx_word' id='word_1_200' title='bbox 1250 1282 1347 1318; x_wconf 67' lang='lat' dir='ltr'>YHI</span> <span class='ocrx_word' id='word_1_201' title='bbox 1378 1285 1412 1329; x_wconf 84' lang='lat'>1,</span> 
     </span>
     <span class='ocr_line' id='line_1_22' title="bbox 77 1336 1411 1393; baseline -0.001 -15"><span class='ocrx_word' id='word_1_202' title='bbox 77 1342 128 1378; x_wconf 84' lang='lat'>18</span> <span class='ocrx_word' id='word_1_203' title='bbox 156 1336 269 1393; x_wconf 76' lang='lat'>(20);</span> <span class='ocrx_word' id='word_1_204' title='bbox 306 1354 383 1378; x_wconf 89' lang='lat' dir='ltr'>non</span> <span class='ocrx_word' id='word_1_205' title='bbox 422 1342 567 1388; x_wconf 88' lang='lat' dir='ltr'>minus,</span> <span class='ocrx_word' id='word_1_206' title='bbox 605 1354 704 1389; x_wconf 87' lang='lat' dir='ltr'>quae</span> <span class='ocrx_word' id='word_1_207' title='bbox 736 1341 968 1378; x_wconf 89' lang='lat' dir='ltr'>Aristoteles</span> <span class='ocrx_word' id='word_1_208' title='bbox 999 1342 1099 1378; x_wconf 87' lang='lat' dir='ltr'>teste</span> <span class='ocrx_word' id='word_1_209' title='bbox 1130 1341 1340 1378; x_wconf 84' lang='lat' dir='ltr'>Plutarcho</span> <span class='ocrx_word' id='word_1_210' title='bbox 1372 1342 1411 1377; x_wconf 91' lang='lat' dir='ltr'>in</span> 
     </span>
     <span class='ocr_line' id='line_1_23' title="bbox 74 1399 1412 1449; baseline -0.001 -12"><span class='ocrx_word' id='word_1_211' title='bbox 74 1399 98 1448; x_wconf 64' lang='grc' dir='ltr'>ξ</span> <span class='ocrx_word' id='word_1_212' title='bbox 134 1402 199 1447; x_wconf 82' lang='grc'>12,</span> <span class='ocrx_word' id='word_1_213' title='bbox 242 1401 387 1437; x_wconf 86' lang='lat' dir='ltr'>ibidem</span> <span class='ocrx_word' id='word_1_214' title='bbox 424 1401 465 1437; x_wconf 89' lang='lat' dir='ltr'>in</span> <span class='ocrx_word' id='word_1_215' title='bbox 502 1400 767 1449; x_wconf 80' lang='lat' dir='ltr'>paragrapho,</span> <span class='ocrx_word' id='word_1_216' title='bbox 812 1412 910 1448; x_wconf 76' lang='lat' dir='ltr'>quae</span> <span class='ocrx_word' id='word_1_217' title='bbox 949 1399 1161 1446; x_wconf 78' lang='lat' dir='ltr'>antecedit,</span> <span class='ocrx_word' id='word_1_218' title='bbox 1204 1411 1273 1437; x_wconf 86' lang='lat' dir='ltr'>nec</span> <span class='ocrx_word' id='word_1_219' title='bbox 1311 1400 1412 1436; x_wconf 83' lang='lat' dir='ltr'>male</span> 
     </span>
     <span class='ocr_line' id='line_1_24' title="bbox 75 1453 1411 1510; baseline 0 -14"><span class='ocrx_word' id='word_1_220' title='bbox 75 1458 270 1497; x_wconf 85' lang='lat' dir='ltr'>Ciceronis</span> <span class='ocrx_word' id='word_1_221' title='bbox 309 1458 427 1497; x_wconf 78' lang='lat' dir='ltr'>verba</span> <span class='ocrx_word' id='word_1_222' title='bbox 458 1458 482 1507; x_wconf 65' lang='grc' dir='ltr'>ξ</span> <span class='ocrx_word' id='word_1_223' title='bbox 512 1461 534 1496; x_wconf 84' lang='grc'>3</span> <span class='ocrx_word' id='word_1_224' title='bbox 568 1459 743 1497; x_wconf 84' lang='lat' dir='ltr'>conferas</span> <span class='ocrx_word' id='word_1_225' title='bbox 776 1471 864 1496; x_wconf 89' lang='lat' dir='ltr'>cum</span> <span class='ocrx_word' id='word_1_226' title='bbox 895 1458 1008 1508; x_wconf 84' lang='lat' dir='ltr'>Diog.</span> <span class='ocrx_word' id='word_1_227' title='bbox 1038 1460 1089 1495; x_wconf 85' lang='lat'>19</span> <span class='ocrx_word' id='word_1_228' title='bbox 1118 1453 1225 1510; x_wconf 73' lang='lat'>(24).</span> <span class='ocrx_word' id='word_1_229' title='bbox 1286 1459 1411 1496; x_wconf 81' lang='lat' dir='ltr'>Xeno-</span> 
     </span>
     <span class='ocr_line' id='line_1_25' title="bbox 74 1512 1410 1569; baseline 0 -15"><span class='ocrx_word' id='word_1_230' title='bbox 74 1518 216 1566; x_wconf 83' lang='lat' dir='ltr'>philus,</span> <span class='ocrx_word' id='word_1_231' title='bbox 247 1518 472 1556; x_wconf 81' lang='lat' dir='ltr'>Aristoxeni</span> <span class='ocrx_word' id='word_1_232' title='bbox 499 1518 721 1566; x_wconf 80' lang='lat' dir='ltr'>familiaris,</span> <span class='ocrx_word' id='word_1_233' title='bbox 753 1512 796 1569; x_wconf 65' lang='grc' dir='ltr'>(ξ</span> <span class='ocrx_word' id='word_1_234' title='bbox 826 1512 868 1569; x_wconf 82' lang='lat'>7)</span> <span class='ocrx_word' id='word_1_235' title='bbox 895 1530 971 1554; x_wconf 89' lang='lat' dir='ltr'>non</span> <span class='ocrx_word' id='word_1_236' title='bbox 999 1519 1167 1555; x_wconf 82' lang='lat' dir='ltr'>occurrit</span> <span class='ocrx_word' id='word_1_237' title='bbox 1193 1518 1294 1566; x_wconf 80' lang='lat' dir='ltr'>apud</span> <span class='ocrx_word' id='word_1_238' title='bbox 1322 1518 1410 1554; x_wconf 89' lang='lat' dir='ltr'>Plu-</span> 
     </span>
     <span class='ocr_line' id='line_1_26' title="bbox 71 1577 1410 1626; baseline 0.001 -13"><span class='ocrx_word' id='word_1_239' title='bbox 71 1577 251 1614; x_wconf 79' lang='lat' dir='ltr'>tarchum</span> <span class='ocrx_word' id='word_1_240' title='bbox 266 1598 317 1602; x_wconf 77' lang='lat'>——</span> <span class='ocrx_word' id='word_1_241' title='bbox 334 1579 379 1614; x_wconf 89' lang='lat' dir='ltr'>ut</span> <span class='ocrx_word' id='word_1_242' title='bbox 404 1589 562 1626; x_wconf 79' lang='lat' dir='ltr'>perraro</span> <span class='ocrx_word' id='word_1_243' title='bbox 582 1577 839 1614; x_wconf 84' lang='lat' dir='ltr'>Aristoxenus</span> <span class='ocrx_word' id='word_1_244' title='bbox 862 1577 944 1625; x_wconf 87' lang='lat' dir='ltr'>ipse</span> <span class='ocrx_word' id='word_1_245' title='bbox 965 1578 1042 1614; x_wconf 87' lang='lat' dir='ltr'>nisi</span> <span class='ocrx_word' id='word_1_246' title='bbox 1061 1578 1101 1613; x_wconf 89' lang='lat' dir='ltr'>in</span> <span class='ocrx_word' id='word_1_247' title='bbox 1120 1589 1161 1614; x_wconf 86' lang='lat' dir='ltr'>re</span> <span class='ocrx_word' id='word_1_248' title='bbox 1181 1578 1330 1614; x_wconf 76' lang='lat' dir='ltr'>musica</span> <span class='ocrx_word' id='word_1_249' title='bbox 1344 1598 1410 1623; x_wconf 84' lang='lat'>—,</span> 
     </span>
     <span class='ocr_line' id='line_1_27' title="bbox 72 1630 1409 1688; baseline -0.001 -16"><span class='ocrx_word' id='word_1_250' title='bbox 72 1635 228 1673; x_wconf 82' lang='lat' dir='ltr'>obviam</span> <span class='ocrx_word' id='word_1_251' title='bbox 271 1635 315 1673; x_wconf 90' lang='lat' dir='ltr'>fit</span> <span class='ocrx_word' id='word_1_252' title='bbox 356 1635 460 1685; x_wconf 82' lang='lat' dir='ltr'>apud</span> <span class='ocrx_word' id='word_1_253' title='bbox 497 1636 610 1686; x_wconf 85' lang='lat' dir='ltr'>Diog.</span> <span class='ocrx_word' id='word_1_254' title='bbox 652 1637 704 1673; x_wconf 80' lang='lat'>24</span> <span class='ocrx_word' id='word_1_255' title='bbox 738 1630 881 1688; x_wconf 77' lang='lat'>(46).³)</span> <span class='ocrx_word' id='word_1_256' title='bbox 949 1635 1020 1672; x_wconf 91' lang='lat' dir='ltr'>Ille</span> <span class='ocrx_word' id='word_1_257' title='bbox 1058 1635 1295 1685; x_wconf 83' lang='lat' dir='ltr'>biographus</span> <span class='ocrx_word' id='word_1_258' title='bbox 1334 1648 1409 1672; x_wconf 88' lang='lat' dir='ltr'>non</span> 
     </span>
    </p>
   </div>
   <div class='ocr_carea' id='block_1_3' title="bbox 73 1720 266 1728">
    <p class='ocr_par' dir='ltr' id='par_1_3' title="bbox 73 1720 266 1728">
     <span class='ocr_line' id='line_1_28' title="bbox 73 1720 266 1728; baseline 0 0"><span class='ocrx_word' id='word_1_259' title='bbox 73 1720 266 1728; x_wconf 95' lang='lat' dir='ltr'> </span> 
     </span>
    </p>
   </div>
   <div class='ocr_carea' id='block_1_4' title="bbox 67 1770 1409 2335">
    <p class='ocr_par' dir='ltr' id='par_1_4' title="bbox 70 1770 1409 1910">
     <span class='ocr_line' id='line_1_29' title="bbox 166 1770 1406 1815; baseline 0 -11"><span class='ocrx_word' id='word_1_260' title='bbox 166 1773 199 1815; x_wconf 80' lang='lat'>1)</span> <span class='ocrx_word' id='word_1_261' title='bbox 226 1771 279 1804; x_wconf 84' lang='lat' dir='ltr'>Ex</span> <span class='ocrx_word' id='word_1_262' title='bbox 310 1771 433 1805; x_wconf 83' lang='lat' dir='ltr'>Servio</span> <span class='ocrx_word' id='word_1_263' title='bbox 463 1770 625 1815; x_wconf 85' lang='lat' dir='ltr'>Sulpicio</span> <span class='ocrx_word' id='word_1_264' title='bbox 652 1771 717 1806; x_wconf 85' lang='lat' dir='ltr'>Ne.</span> <span class='ocrx_word' id='word_1_265' title='bbox 745 1775 829 1812; x_wconf 64' lang='lat'>2672</span> <span class='ocrx_word' id='word_1_266' title='bbox 863 1772 925 1805; x_wconf 85' lang='lat' dir='ltr'>cfr.</span> <span class='ocrx_word' id='word_1_267' title='bbox 950 1771 1005 1806; x_wconf 84' lang='lat' dir='ltr'>Di</span> <span class='ocrx_word' id='word_1_268' title='bbox 1032 1775 1098 1805; x_wconf 85' lang='grc'>322</span> <span class='ocrx_word' id='word_1_269' title='bbox 1125 1770 1194 1805; x_wconf 85' lang='lat' dir='ltr'>Me</span> <span class='ocrx_word' id='word_1_270' title='bbox 1219 1774 1302 1812; x_wconf 72' lang='lat'>6483</span> <span class='ocrx_word' id='word_1_271' title='bbox 1330 1774 1406 1804; x_wconf 85' lang='grc'>666</span> 
     </span>
     <span class='ocr_line' id='line_1_30' title="bbox 70 1799 1409 1862; baseline 0 -10"><span class='ocrx_word' id='word_1_272' title='bbox 70 1818 138 1852; x_wconf 88' lang='lat' dir='ltr'>Vd</span> <span class='ocrx_word' id='word_1_273' title='bbox 172 1820 209 1852; x_wconf 89' lang='lat' dir='ltr'>et</span> <span class='ocrx_word' id='word_1_274' title='bbox 240 1817 574 1861; x_wconf 87' lang='lat' dir='ltr'>ASchottmueller,</span> <span class='ocrx_word' id='word_1_275' title='bbox 607 1819 721 1862; x_wconf 85' lang='lat' dir='ltr'>symb.</span> <span class='ocrx_word' id='word_1_276' title='bbox 751 1800 879 1862; x_wconf 85' lang='lat' dir='ltr'>philol</span> <span class='ocrx_word' id='word_1_277' title='bbox 907 1819 1085 1853; x_wconf 88' lang='lat' dir='ltr'>Bonnens.</span> <span class='ocrx_word' id='word_1_278' title='bbox 1114 1821 1180 1852; x_wconf 87' lang='grc'>826</span> <span class='ocrx_word' id='word_1_279' title='bbox 1213 1799 1409 1852; x_wconf 76' lang='lat' dir='ltr'>PSchmidt</span> 
     </span>
     <span class='ocr_line' id='line_1_31' title="bbox 70 1866 827 1910; baseline 0 -10"><span class='ocrx_word' id='word_1_280' title='bbox 70 1866 127 1900; x_wconf 83' lang='lat' dir='ltr'>De</span> <span class='ocrx_word' id='word_1_281' title='bbox 152 1866 271 1900; x_wconf 67' lang='lat' dir='ltr'>Nonii</span> <span class='ocrx_word' id='word_1_282' title='bbox 295 1867 502 1900; x_wconf 68' lang='lat' dir='ltr'>auctoribus</span> <span class='ocrx_word' id='word_1_283' title='bbox 525 1867 771 1910; x_wconf 75' lang='lat' dir='ltr'>yrammatices</span> <span class='ocrx_word' id='word_1_284' title='bbox 797 1870 827 1900; x_wconf 90' lang='grc'>8.</span> 
     </span>
    </p>

    <p class='ocr_par' dir='ltr' id='par_1_5' title="bbox 70 1912 1407 2004">
     <span class='ocr_line' id='line_1_32' title="bbox 165 1912 1407 1958; baseline -0.001 -11.982"><span class='ocrx_word' id='word_1_285' title='bbox 165 1914 198 1957; x_wconf 87' lang='grc'>2)</span> <span class='ocrx_word' id='word_1_286' title='bbox 226 1912 460 1947; x_wconf 85' lang='lat' dir='ltr'>Cfr.Breme1·</span> <span class='ocrx_word' id='word_1_287' title='bbox 478 1912 863 1956; x_wconf 31' lang='lat' dir='ltr'>Imzssprud.anteh.11</span> <span class='ocrx_word' id='word_1_288' title='bbox 878 1916 945 1947; x_wconf 80' lang='lat'>323</span> <span class='ocrx_word' id='word_1_289' title='bbox 967 1912 1074 1947; x_wconf 86' lang='lat' dir='ltr'>Thilo</span> <span class='ocrx_word' id='word_1_290' title='bbox 1098 1913 1347 1958; x_wconf 71' lang='lat' dir='ltr'>Quaest.Ser1..</span> <span class='ocrx_word' id='word_1_291' title='bbox 1364 1916 1407 1946; x_wconf 86' lang='grc'>22</span> 
     </span>
     <span class='ocr_line' id='line_1_33' title="bbox 70 1959 741 2004; baseline 0 -11"><span class='ocrx_word' id='word_1_292' title='bbox 70 1959 232 2004; x_wconf 84' lang='lat' dir='ltr'>Roehrig</span> <span class='ocrx_word' id='word_1_293' title='bbox 254 1963 294 1994; x_wconf 92' lang='grc'>11</span> <span class='ocrx_word' id='word_1_294' title='bbox 321 1959 378 1994; x_wconf 87' lang='lat' dir='ltr'>Fr.</span> <span class='ocrx_word' id='word_1_295' title='bbox 401 1963 467 1993; x_wconf 83' lang='lat'>539</span> <span class='ocrx_word' id='word_1_296' title='bbox 493 1959 644 1993; x_wconf 71' lang='lat' dir='ltr'>Miinzer</span> <span class='ocrx_word' id='word_1_297' title='bbox 666 1964 741 1994; x_wconf 83' lang='lat'>163.</span> 
     </span>
    </p>

    <p class='ocr_par' dir='ltr' id='par_1_6' title="bbox 67 2006 1408 2335">
     <span class='ocr_line' id='line_1_34' title="bbox 164 2006 1408 2051; baseline -0.001 -10"><span class='ocrx_word' id='word_1_298' title='bbox 164 2008 198 2051; x_wconf 87' lang='lat'>3)</span> <span class='ocrx_word' id='word_1_299' title='bbox 223 2006 393 2041; x_wconf 79' lang='lat' dir='ltr'>Fortasse</span> <span class='ocrx_word' id='word_1_300' title='bbox 424 2007 484 2041; x_wconf 89' lang='lat' dir='ltr'>hic</span> <span class='ocrx_word' id='word_1_301' title='bbox 516 2018 677 2051; x_wconf 78' lang='lat' dir='ltr'>quoque,</span> <span class='ocrx_word' id='word_1_302' title='bbox 711 2017 806 2051; x_wconf 81' lang='lat' dir='ltr'>quae</span> <span class='ocrx_word' id='word_1_303' title='bbox 837 2007 946 2051; x_wconf 84' lang='lat' dir='ltr'>legit,</span> <span class='ocrx_word' id='word_1_304' title='bbox 978 2006 1118 2041; x_wconf 82' lang='lat' dir='ltr'>Gellius</span> <span class='ocrx_word' id='word_1_305' title='bbox 1150 2006 1318 2041; x_wconf 86' lang='lat' dir='ltr'>confudit</span> <span class='ocrx_word' id='word_1_306' title='bbox 1344 2009 1408 2040; x_wconf 81' lang='lat' dir='ltr'>aut</span> 
     </span>
     <span class='ocr_line' id='line_1_35' title="bbox 69 2053 1406 2099; baseline 0.001 -12"><span class='ocrx_word' id='word_1_307' title='bbox 69 2053 147 2087; x_wconf 82' lang='lat' dir='ltr'>eius</span> <span class='ocrx_word' id='word_1_308' title='bbox 171 2055 309 2088; x_wconf 84' lang='lat' dir='ltr'>auctor.</span> <span class='ocrx_word' id='word_1_309' title='bbox 331 2054 570 2088; x_wconf 77' lang='lat' dir='ltr'>Aristoxenus</span> <span class='ocrx_word' id='word_1_310' title='bbox 590 2054 612 2087; x_wconf 92' lang='lat' dir='ltr'>l</span> <span class='ocrx_word' id='word_1_311' title='bbox 634 2054 658 2087; x_wconf 91' lang='lat' dir='ltr'>l.</span> <span class='ocrx_word' id='word_1_312' title='bbox 679 2055 801 2088; x_wconf 79' lang='grc' dir='ltr'><em>πάντα</em></span> <span class='ocrx_word' id='word_1_313' title='bbox 820 2054 931 2088; x_wconf 78' lang='grc' dir='ltr'><em>τᾶλλα</em></span> <span class='ocrx_word' id='word_1_314' title='bbox 952 2060 1150 2099; x_wconf 73' lang='grc' dir='ltr'><em>συγχωρεῖν</em></span> <span class='ocrx_word' id='word_1_315' title='bbox 1171 2054 1285 2088; x_wconf 79' lang='grc' dir='ltr'>αὐτὸν</span> <span class='ocrx_word' id='word_1_316' title='bbox 1305 2053 1406 2089; x_wconf 77' lang='grc' dir='ltr'><em>ἐσθί-</em></span> 
     </span>
     <span class='ocr_line' id='line_1_36' title="bbox 69 2099 1404 2147; baseline 0 -13"><span class='ocrx_word' id='word_1_317' title='bbox 69 2113 124 2134; x_wconf 61' lang='grc' dir='ltr'>ὲιν</span> <span class='ocrx_word' id='word_1_318' title='bbox 150 2100 309 2146; x_wconf 75' lang='grc' dir='ltr'>ἔμψυχα,</span> <span class='ocrx_word' id='word_1_319' title='bbox 335 2100 457 2145; x_wconf 84' lang='grc' dir='ltr'><em>μόνων</em></span> <span class='ocrx_word' id='word_1_320' title='bbox 483 2099 518 2136; x_wconf 80' lang='grc' dir='ltr'>δ’</span> <span class='ocrx_word' id='word_1_321' title='bbox 542 2101 656 2135; x_wconf 66' lang='grc' dir='ltr'>αὖτὸπ</span> <span class='ocrx_word' id='word_1_322' title='bbox 676 2099 882 2146; x_wconf 70' lang='grc' dir='ltr'><em>ἀπέχεσθαι</em></span> <span class='ocrx_word' id='word_1_323' title='bbox 902 2101 1081 2146; x_wconf 79' lang='grc' dir='ltr'><em>ἀροτῆρος</em></span> <span class='ocrx_word' id='word_1_324' title='bbox 1101 2101 1186 2147; x_wconf 83' lang='grc' dir='ltr'><strong><em>βοὸς</em></strong></span> <span class='ocrx_word' id='word_1_325' title='bbox 1205 2102 1268 2135; x_wconf 77' lang='grc' dir='ltr'>καὶ</span> <span class='ocrx_word' id='word_1_326' title='bbox 1288 2107 1404 2145; x_wconf 80' lang='grc' dir='ltr'><strong><em>κριοῦ.</em></strong></span> 
     </span>
     <span class='ocr_line' id='line_1_37' title="bbox 68 2147 1404 2204; baseline 0.003 -24.024"><span class='ocrx_word' id='word_1_327' title='bbox 68 2148 164 2181; x_wconf 75' lang='lat' dir='ltr'>Ante</span> <span class='ocrx_word' id='word_1_328' title='bbox 201 2148 411 2182; x_wconf 82' lang='lat' dir='ltr'>Aristoxeni</span> <span class='ocrx_word' id='word_1_329' title='bbox 454 2148 566 2182; x_wconf 82' lang='lat' dir='ltr'>verba</span> <span class='ocrx_word' id='word_1_330' title='bbox 603 2150 688 2182; x_wconf 86' lang='lat' dir='ltr'>sunt</span> <span class='ocrx_word' id='word_1_331' title='bbox 725 2148 832 2182; x_wconf 84' lang='lat' dir='ltr'>haec:</span> <span class='ocrx_word' id='word_1_332' title='bbox 875 2147 1028 2189; x_wconf 85' lang='grc' dir='ltr'><strong><em>θυσίαις</em></strong></span> <span class='ocrx_word' id='word_1_333' title='bbox 1065 2149 1191 2194; x_wconf 81' lang='grc' dir='ltr'><strong><em>ἐχρῆτο</em></strong></span> <span class='ocrx_word' id='word_1_334' title='bbox 1229 2148 1404 2204; x_wconf 80' lang='grc' dir='ltr'><strong><em>ἀψύχοις</em></strong></span> 
     </span>
     <span class='ocr_line' id='line_1_38' title="bbox 68 2193 1406 2240; baseline 0 -12"><span class='ocrx_word' id='word_1_335' title='bbox 68 2193 103 2228; x_wconf 80' lang='grc' dir='ltr'>οἱ</span> <span class='ocrx_word' id='word_1_336' title='bbox 134 2194 175 2229; x_wconf 77' lang='grc' dir='ltr'>δέ</span> <span class='ocrx_word' id='word_1_337' title='bbox 207 2194 374 2239; x_wconf 80' lang='lat' dir='ltr'>(fortasse</span> <span class='ocrx_word' id='word_1_338' title='bbox 406 2195 481 2229; x_wconf 82' lang='lat' dir='ltr'>iam</span> <span class='ocrx_word' id='word_1_339' title='bbox 506 2195 567 2229; x_wconf 80' lang='lat' dir='ltr'>hio</span> <span class='ocrx_word' id='word_1_340' title='bbox 592 2195 832 2229; x_wconf 76' lang='lat' dir='ltr'>Aristoxenus</span> <span class='ocrx_word' id='word_1_341' title='bbox 858 2195 1056 2240; x_wconf 76' lang='lat' dir='ltr'>indicatur)</span> <span class='ocrx_word' id='word_1_342' title='bbox 1083 2207 1215 2240; x_wconf 81' lang='grc' dir='ltr'>φασιν,</span> <span class='ocrx_word' id='word_1_343' title='bbox 1248 2193 1301 2230; x_wconf 81' lang='grc' dir='ltr'>ὅτι</span> <span class='ocrx_word' id='word_1_344' title='bbox 1326 2194 1406 2229; x_wconf 73' lang='grc' dir='ltr'><em>ἁλέ-</em></span> 
     </span>
     <span class='ocr_line' id='line_1_39' title="bbox 67 2241 1404 2288; baseline 0.001 -14"><span class='ocrx_word' id='word_1_345' title='bbox 67 2252 191 2284; x_wconf 73' lang='grc' dir='ltr'><strong><em>κτορσι</em></strong></span> <span class='ocrx_word' id='word_1_346' title='bbox 223 2241 338 2286; x_wconf 64' lang='grc' dir='ltr'><strong><em>μόνον</em></strong></span> <span class='ocrx_word' id='word_1_347' title='bbox 370 2256 432 2276; x_wconf 84' lang='grc' dir='ltr'>και</span> <span class='ocrx_word' id='word_1_348' title='bbox 464 2241 607 2286; x_wconf 79' lang='grc' dir='ltr'><strong><em>ἐρίφοις</em></strong></span> <span class='ocrx_word' id='word_1_349' title='bbox 636 2245 865 2287; x_wconf 74' lang='grc' dir='ltr'><em>γαλαθηνοῖς</em></span> <span class='ocrx_word' id='word_1_350' title='bbox 888 2249 965 2283; x_wconf 87' lang='grc' dir='ltr'><strong><em>τοῖς</em></strong></span> <span class='ocrx_word' id='word_1_351' title='bbox 988 2242 1195 2288; x_wconf 73' lang='grc' dir='ltr'><strong><em>λεγομένοις</em></strong></span> <span class='ocrx_word' id='word_1_352' title='bbox 1219 2241 1404 2280; x_wconf 42' lang='lat' dir='ltr'>&amp;namara</span> 
     </span>
     <span class='ocr_line' id='line_1_40' title="bbox 68 2286 1404 2335; baseline 0.001 -14"><span class='ocrx_word' id='word_1_353' title='bbox 68 2286 196 2331; x_wconf 74' lang='grc' dir='ltr'><em>ἥκιστα</em></span> <span class='ocrx_word' id='word_1_354' title='bbox 236 2288 275 2324; x_wconf 74' lang='grc' dir='ltr'>δὲ</span> <span class='ocrx_word' id='word_1_355' title='bbox 307 2289 474 2333; x_wconf 72' lang='grc' dir='ltr'><em>ἀρνάση</em></span> <span class='ocrx_word' id='word_1_356' title='bbox 530 2288 616 2323; x_wconf 85' lang='lat' dir='ltr'>Illos</span> <span class='ocrx_word' id='word_1_357' title='bbox 650 2288 802 2334; x_wconf 71' lang='grc' dir='ltr'><strong><em>ἐρίφως</em></strong></span> <span class='ocrx_word' id='word_1_358' title='bbox 832 2291 1071 2335; x_wconf 79' lang='grc' dir='ltr'><strong><em>γαλαθηνοὺς</em></strong></span> <span class='ocrx_word' id='word_1_359' title='bbox 1102 2292 1139 2324; x_wconf 89' lang='lat' dir='ltr'>et</span> <span class='ocrx_word' id='word_1_360' title='bbox 1170 2289 1279 2324; x_wconf 79' lang='lat' dir='ltr'>Gellii</span> <span class='ocrx_word' id='word_1_361' title='bbox 1312 2292 1343 2331; x_wconf 64' lang='grc' dir='ltr'>(ξ</span> <span class='ocrx_word' id='word_1_362' title='bbox 1371 2293 1404 2324; x_wconf 76' lang='lat'>6)</span> 
     </span>
    </p>
   </div>
  </div>
 </body>
</html>
