1617 2484
736 74 766 107 V
795 78 814 107 (3
1362 74 1444 114 217

198 182 402 224 ‘Muralis'
441 186 505 223 est
542 196 713 234 corona,
755 196 837 235 qua
875 182 1055 223 donatur
1092 182 1142 222 ab
1182 182 1504 235 imperatore7105

110 243 182 295 qui
214 242 375 296 primus
407 256 574 282 murum
607 241 737 281 subiit
768 242 895 293 inque
927 241 1129 294 oppidum
1159 240 1345 281 hostium
1374 255 1447 294 per

109 301 193 342 vim
233 300 438 353 ascendit3
476 301 630 341 idcirco
670 300 789 353 quasi
829 300 937 340 muri
975 300 1115 353 pinnis
1148 300 1341 341 decorata
1374 303 1447 340 est.

199 358 462 400 ‘Castrensis’
499 363 562 400 est
594 373 765 411 corona,
804 373 887 411 qua
919 359 1047 399 donat
1078 359 1308 412 imperator
1340 370 1505 411 eum717

75 435 90 462 5
111 419 182 471 qui
209 419 369 472 primus
397 419 582 458 hostium
610 421 745 459 castra
771 432 963 471 pugnans
990 418 1199 473 introivit;
1226 432 1273 458 ea
1294 431 1466 458 corona.

110 478 275 531 insigne
307 476 406 517 valli
439 477 576 517 habet.

199 536 403 577 ‘Navalis'
442 538 521 588 est,
565 550 648 589 qua
685 535 830 576 donari
869 536 992 588 solet,
1036 536 1248 576 maritimo
1287 535 1448 589 proelio
1462 548 1503 576 1⁸

110 595 183 649 qui
220 596 381 649 primus
421 594 464 635 in
501 594 686 635 hostium
725 608 873 634 navem
912 595 954 634 vi
992 597 1178 635 armatus
1218 594 1449 647 transiluit3

110 668 158 695 ea
202 655 321 707 quasi
364 654 534 694 navium
577 654 724 694 rostris
768 653 969 707 insignita
1007 657 1079 694 est.
1148 654 1205 694 Et
1244 653 1507 693 ‘muralis’m

60 730 92 755 10
111 715 251 754 autem
292 715 333 754 et
371 712 624 753 ‘castrensis’
663 715 705 753 et
737 711 928 753 ‘navalis’
961 712 1051 752 fieri
1084 728 1133 752 ex
1167 726 1268 753 auro
1302 713 1448 753 solent.

200 770 375 812 ‘Ovalis'
407 785 561 812 corona
592 774 754 811 murtea
786 774 867 825 cst3
898 785 946 812 ea
971 771 1200 812 uteba-ntur
1226 772 1401 825 impera·
1416 782 1516 812 20:21

112 833 241 883 tores,
281 831 352 884 qui
392 833 564 871 ovantes
603 830 749 870 urbem
786 830 1028 870 introibant.
1093 829 1254 870 Ovandi
1287 844 1335 870 ac
1367 844 1451 870 non

112 889 401 943 triumphandi
434 903 558 929 causa
590 892 664 942 est,
697 903 791 929 cum
824 891 896 929 aut
927 888 1038 929 bella
1068 903 1154 929 non
1188 890 1266 929 rite
1295 889 1451 929 indicta

111 962 247 1002 neque
279 962 374 989 cum
406 948 517 988 iusto
549 947 671 988 hoste
703 950 820 1002 gesta
853 951 951 988 sunt
983 951 1055 988 aut
1084 947 1271 988 hostium
1296 962 1453 988 nomen

61 1025 93 1050 15
112 1007 272 1048 humile
311 1010 352 1048 et
387 1021 474 1048 non
512 1007 709 1048 idoneum
749 1009 830 1060 est,
866 1009 914 1047 ut
953 1021 1168 1048 servorum
1202 1007 1451 1060 piratarum—

113 1080 213 1120 que,
256 1069 328 1106 aut
371 1065 584 1107 deditione
626 1068 797 1119 repente
834 1065 945 1106 facta
982 1066 1242 1120 inpulverea‚
1285 1068 1333 1106 ut
1371 1066 1452 1106 (lici

113 1125 239 1178 solet,
290 1125 591 1178 incruentaque
640 1125 817 1165 victoria
867 1125 1049 1166 obvenit.
1130 1123 1207 1165 Cui
1257 1125 1451 1165 facilitati
1467 1136 1509 1165 ‘22

113 1186 256 1238 aptam
300 1198 388 1225 esse
429 1183 605 1225 Veneris
649 1184 841 1224 frondem
887 1184 1168 1237 crediderunt,
1213 1183 1325 1237 quod
1368 1197 1454 1224 non

112 1242 308 1296 Martius,
348 1243 419 1284 sed
458 1243 577 1296 quasi
610 1241 815 1283 Venerius
854 1243 1024 1296 quidam
1059 1242 1301 1296 triumphus
1332 1243 1452 1283 foret.

62 1319 95 1344 20
113 1300 177 1342 Ac
217 1304 425 1342 murteam
465 1316 663 1343 coronam
701 1301 755 1342 M.
789 1300 981 1353 Crassus,
1026 1316 1121 1343 cum
1159 1302 1271 1342 bello
1309 1301 1453 1356 fugiti-
1467 1312 1511 1342 ‘23

113 1375 263 1402 vorum
296 1361 487 1401 confecto
515 1375 643 1401 ovans
668 1361 834 1413 rediret,
865 1361 1094 1401 insolenter
1119 1362 1365 1414 aspernatus
1392 1362 1454 1401 est

114 1422 367 1473 senatusque
404 1421 643 1460 consultum
682 1419 925 1460 faciundum
963 1434 1038 1474 per
1069 1420 1248 1474 gratiam
1281 1420 1454 1472 curavit,

114 1481 163 1519 ut
194 1479 332 1532 lauro,
363 1492 450 1519 non
481 1481 639 1531 murto,
673 1481 953 1519 coronaretur.

202 1536 397 1578 Marcus
442 1535 563 1578 Cato
609 1537 740 1578 obicit
782 1537 836 1577 M.
874 1536 1025 1578 Fulvio
1064 1535 1297 1590 Nobiliori,
1341 1537 1512 1590 quod-24

62 1612 95 1638 25
115 1596 272 1637 milites
327 1610 402 1649 per
456 1596 663 1637 ambitum
721 1596 886 1637 coronis
943 1597 992 1637 (le
1044 1596 1268 1636 levissimis
1319 1596 1454 1636 causis

116 1655 322 1695 donasset.
396 1654 460 1696 De
507 1670 590 1709 qua
631 1669 676 1696 re
718 1655 846 1696 verba
888 1655 980 1708 ipsa
1023 1655 1203 1709 apposui
1248 1654 1454 1695 Catonis
1470 1665 1513 1695 25

115 1712 412 1767 (XIVJJ.)
467 1712 568 1754 Iam
624 1714 879 1767 principio
931 1714 1042 1767 quis
1092 1714 1221 1754 vidit
1271 1727 1455 1754 corona

212 1856 228 1885 1
262 1851 389 1896 Polyb.
416 1852 466 1886 VI
490 1856 544 1893 39,
567 1857 586 1886 5
612 1853 687 1886 Liv.
710 1853 826 1886 XXVI
846 1856 902 1895 48,
923 1857 942 1886 5
971 1852 1066 1886 Serv.
1088 1853 1129 1885 A.
1150 1852 1199 1885 V]
1221 1855 1286 1885 772
1314 1851 1403 1887 CGL
1423 1852 1455 1884 V

116 1902 195 1942 276,
220 1902 261 1932 37
412 1903 433 1933 4
459 1899 560 1934 Paul.
582 1912 616 1943 p.
639 1903 694 1942 57,
717 1903 734 1932 7
887 1903 904 1932 7
932 1899 1027 1933 Fest.
1048 1911 1083 1943 p.
1108 1903 1184 1941 162,
1206 1903 1225 1932 2
1253 1899 1322 1933 Dio
1342 1899 1454 1933 XLIX

118 1950 172 1989 14,
193 1949 213 1980 3
359 1950 398 1979 11
416 1958 494 1991 sqq.
520 1946 622 1981 Paul.
644 1959 678 1991 p.
703 1950 779 1989 195,
799 1950 817 1980 7
839 1949 931 1990 (144,
949 1949 1004 1989 13)
1027 1946 1123 1981 Suet.
1138 1946 1216 1980 rell.
1232 1959 1266 1991 p.
1283 1950 1361 1990 283,
1378 1951 1397 1980 5
1412 1947 1452 1980 R.

115 1992 211 2027 Plut.
232 1992 394 2027 Marcell.
417 1997 459 2026 22
592 1997 633 2027 16
660 1993 723 2028 cfr.
746 1993 843 2036 Otto,
871 1993 1045 2037 Sprichw.
1067 2005 1101 2037 p,
1124 1997 1190 2028 290
1317 1997 1361 2027 ‘20
1376 2005 1453 2038 sqq.

118 2039 190 2074 Cic.
211 2040 250 2073 in
268 2040 389 2074 Pison.
411 2040 528 2074 XXIV
549 2044 592 2075 58
618 2041 710 2075 Plin.
732 2041 798 2075 XV
819 2044 873 2084 29,
898 2044 962 2074 125

213 2173 230 2203 7
258 2181 329 2213 quo
351 2184 377 2203 ω
398 2182 486 2205 corr.
507 2170 550 2203 Ρ2
573 2173 576 2214 Ι
600 2170 721 2204 ornari
740 2174 765 2203 P
785 2172 797 2214 ll
816 2174 835 2203 8
858 2169 1063 2204 transiliuit
1081 2173 1110 2203 V
1129 2172 1141 2214 ΙΙ
1162 2174 1203 2204 13
1224 2170 1380 2214 indigna
1400 2172 1455 2213 (επ

115 2217 274 2262 igdigna
298 2219 340 2261 R)
368 2230 394 2250 ω
414 2219 425 2260 ΙΙ
448 2221 488 2251 16
520 2218 559 2251 111
584 2217 737 2261 puluere
763 2219 828 2251 aut
853 2231 880 2251 ω
907 2228 995 2252 corr.
1023 2218 1150 2252 Carrio
1169 2219 1180 2260 Η
1202 2220 1243 2250 19
1275 2217 1455 2250 marcium

118 2264 243 2307 (—tium
267 2266 305 2308 P)
332 2277 358 2297 ω
378 2266 389 2308 ΙΙ
410 2268 452 2298 23
486 2266 746 2299 coronarentur
770 2268 799 2297 R
819 2266 830 2308 [1
851 2268 893 2298 ‘25
920 2264 1116 2298 ambitium
1143 2264 1271 2308 (-cium
1296 2266 1338 2308 V)
1364 2267 1425 2297 Pv
1444 2263 1456 2309 Η

119 2314 161 2344 27
188 2310 283 2345 Nam
303 2314 331 2344 V
356 2311 434 2345 Iam
459 2323 502 2346 ea:
527 2316 548 2345 a
567 2315 592 2344 P
615 2314 619 2356 Ι
642 2312 807 2345 coronari
834 2322 1057 2356 quemquam
1076 2315 1106 2344 R
