1611 2474
174 76 254 116 192
785 77 833 110 IV
860 80 878 110 9

167 185 310 237 tiquo
338 185 554 225 carmine
581 185 706 225 refert
733 184 933 225 memoria
953 184 1091 224 hercle
1112 184 1286 239 dignum
1308 184 1362 237 (2).
1377 187 1431 225 36
1445 184 1494 224 B.

168 246 269 295 bray.
285 244 338 294 fs:
354 258 395 295 p.
416 247 502 284 297
517 242 623 293 R.3):

225 314 525 367 religentem
563 328 669 354 esse
708 315 926 366 oportet,
963 313 1236 367 religiosus
1274 327 1331 353 ne
1368 312 1496 366 fuas,

134 395 153 424 2
169 384 287 423 cuius
313 386 450 423 autem
480 383 521 423 id
542 397 708 424 carmen
727 384 793 435 sit,
818 398 904 424 non
924 383 1078 424 scribit.
1129 382 1268 437 Atque
1288 384 1332 423 in
1351 383 1497 424 eodem

168 443 262 483 loco
288 440 544 495 Nigidius:
571 441 675 482 Hoc
699 442 838 495 inquit
863 442 1276 482 inclinamentum
1304 456 1497 495 semper

168 500 516 540 huiuscemodi
553 500 837 554 verborum,
874 503 926 540 ut
958 500 1207 553 ‘vinosus’7
1247 500 1496 541 ‘muliero-

170 559 280 612 sus'‚
331 558 648 613 ‘religiosus’,
698 560 961 614 significat
1011 559 1205 612 copiam
1253 559 1495 611 quandam

170 617 471 658 inmodicam
518 618 605 671 rei7
655 632 802 671 super
845 632 938 671 qua
981 618 1178 659 dicitur.
1253 617 1496 666 Quocirca

170 676 473 730 ‘religiosus'
502 676 542 716 is
569 676 940 730 appellabatur,
970 677 1053 729 qui
1079 676 1231 717 nimia
1257 679 1304 717 et
1329 690 1497 729 super-

169 735 374 775 stitiosa
416 735 666 790 religione
711 750 815 776 sese
859 736 1179 790 alligaverat,
1224 749 1376 788 eaque
1421 749 1496 775 res

169 793 295 834 vitio
328 793 694 848 assignabatur.

136 862 154 892 3
258 851 339 892 Sed
364 855 528 905 praeter
553 853 643 905 ista,
672 867 778 905 quae
804 851 1041 906 Nigidius
1068 852 1181 904 dicit,
1207 853 1288 892 alio
1316 853 1497 905 quodam

170 911 426 952 deverticulo
466 910 786 965 significationis
825 911 1074 965 ‘religiosus’
1114 925 1190 964 pro
1226 914 1340 951 casto
1372 913 1497 963 atque

170 969 411 1010 observanti
450 970 747 1023 cohibentique
786 984 873 1010 sese
909 970 1032 1010 certis
1063 970 1227 1024 legibus
1259 969 1498 1021 finibusque

135 1028 249 1068 4dici
282 1030 467 1081 coeptus.
524 1028 662 1068 Simili
688 1032 828 1069 autem
854 1029 978 1068 modo
1005 1028 1077 1068 illa
1103 1042 1270 1081 quoque
1295 1028 1498 1068 vocabula

170 1086 220 1126 ab
260 1086 403 1127 eadem
435 1088 623 1139 profecta
656 1088 816 1142 origine
849 1086 1057 1127 diversum
1090 1087 1326 1141 significare
1358 1086 1497 1127 viden-

136 1148 255 1185 5tur:
295 1145 495 1200 ‘religiosi
533 1145 634 1186 dies'
674 1149 714 1186 et
753 1146 963 1200 ‘religiosa
1001 1145 1198 1186 delubra'.
1261 1145 1495 1199 ‘Religiosi’

171 1204 281 1244 enim
322 1205 438 1244 ‘dies'
478 1205 675 1245 dicuntur
704 1205 816 1245 tristi
849 1205 987 1245 omine
1018 1204 1195 1245 infames
1227 1203 1498 1257 inpeditique,

170 1263 214 1302 in
249 1263 402 1315 quibus
435 1265 476 1303 et
504 1278 570 1304 res
602 1263 764 1304 divinas
796 1264 930 1304 facere
962 1265 1002 1304 et
1034 1278 1121 1303 rem
1154 1263 1395 1316 quampiam
1425 1276 1497 1303 no-

171 1336 266 1362 vam
298 1322 480 1362 exordiri
512 1322 831 1375 temperandum
863 1325 943 1375 est⁷
976 1336 1080 1375 quos
1112 1321 1337 1362 multitudo
1370 1321 1497 1374 impe-

137 1380 350 1421 oritorum
382 1395 507 1433 prave
539 1384 580 1421 et
610 1395 828 1434 perperam
859 1381 1072 1421 ‘nefastos’
1099 1379 1296 1434 appellat.
1350 1378 1497 1432 Itaque

172 1438 226 1478 M.
253 1438 426 1479 Cicero
454 1439 496 1479 in
521 1438 651 1480 libro
679 1440 1007 1492 epistularum
1034 1453 1163 1479 nono
1191 1439 1248 1478 ad
1273 1437 1497 1478 Atticum

173 1499 228 1549 (5,
259 1498 325 1550 2):
369 1497 581 1537 maiores
627 1498 765 1551 inquit
805 1498 966 1538 nostri
1003 1498 1333 1538 funestiorem
1371 1496 1498 1536 diem

173 1570 279 1596 esse
331 1556 600 1596 voluerunt
650 1555 873 1596 Aliensis
923 1570 1116 1610 pugnae
1167 1570 1309 1608 quam
1358 1555 1497 1595 urbis

173 1617 366 1667 captae,
406 1614 535 1667 quod
572 1615 663 1655 hoc
701 1614 881 1655 malum
913 1629 969 1655 ex
1000 1615 1101 1655 illo.
1162 1613 1339 1666 Itaque
1371 1614 1499 1654 alter

171 1673 447 1727 religiosus
474 1673 760 1714 etiamnunc
785 1673 907 1724 dies,
926 1674 1053 1713 alter
1079 1673 1128 1712 in
1153 1673 1332 1726 volgus
1358 1672 1498 1726 igno-

141 1734 263 1773 7tus.
318 1731 434 1772 Idem
466 1734 608 1772 tamen
632 1732 686 1772 M.
707 1731 903 1772 Tullius
936 1732 979 1772 in
1011 1732 1239 1772 oratione
1271 1731 1326 1771 de
1358 1744 1498 1771 accu-

268 1863 286 1893 9
312 1859 404 1893 Non.
419 1859 451 1893 V
467 1871 501 1902 p.
517 1862 595 1901 432,
611 1863 631 1892 4
652 1858 747 1893 Serv,
763 1859 803 1892 A.
820 1858 902 1892 VIII
916 1862 982 1891 349
1134 1862 1174 1891 13
1201 1857 1295 1891 Fest.
1310 1869 1345 1900 p.
1361 1860 1438 1898 289,
1456 1860 1497 1890 15

174 1906 406 1950 (Mam-,11137
427 1908 482 1944 10)
610 1909 649 1939 17
677 1906 771 1940 Fest.
794 1918 817 1949 p
850 1909 927 1947 278,
951 1909 992 1938 12
1018 1904 1110 1938 Non.
1131 1904 1180 1938 IV
1199 1917 1232 1948 p.
1255 1907 1333 1947 379,
1356 1908 1371 1937 1
1401 1903 1496 1937 Serv.

173 1954 221 1997 pl.
244 1966 277 1997 g.
299 1953 314 1986 Ι
336 1957 401 1987 269
429 1953 499 1987 CIL
520 1953 535 1985 I
555 1965 588 1996 p.
611 1957 677 1986 373
820 1956 863 1986 20
878 1964 929 1995 sq.
957 1952 988 1985 V
1011 1955 1063 1994 17,
1087 1956 1102 1984 1

267 2074 286 2103 3
314 2069 433 2116 (ted)
455 2080 531 2103 esse
551 2070 754 2104 Fleckeisen
776 2070 779 2113 Ι
802 2080 847 2103 ne
873 2069 953 2102 fuas
979 2069 1070 2103 'idem
1097 2067 1198 2101 nefas
1220 2081 1245 2100 co
1269 2067 1332 2101 sed
1350 2066 1499 2111 religio-

174 2118 290 2151 sumst
315 2116 417 2150 nefas
441 2116 690 2162 LMuellerllcss
716 2128 787 2150 non
811 2115 923 2150 refert
941 2115 1027 2161 ΒΙΙ9
1054 2115 1263 2158 appellatur
1281 2113 1334 2159 ΒΗ
1349 2116 1391 2147 10
1417 2113 1498 2147 alli-

173 2164 319 2208 gauerit
352 2174 469 2207 neque
499 2167 528 2196 R
547 2165 558 2206 ΙΙ
580 2168 619 2196 11
653 2164 862 2208 assignatur
892 2163 937 2195 R¹
957 2164 968 2206 ΙΙ
990 2166 1029 2195 17
1063 2162 1149 2207 del]
1180 2161 1319 2204 templa
1348 2164 1377 2195 R
1399 2162 1403 2203 Ι
1425 2160 1451 2205 ἕ
1476 2163 1498 2194 5

174 2223 239 2245 om.
260 2214 290 2243 R
307 2212 318 2254 Η
341 2214 381 2243 18
402 2210 548 2244 homine
568 2210 745 2253 (homines
759 2209 849 2253 ΥΡΞ)
870 2209 1007 2244 infame
1026 2208 1289 2252 inpenditeque
1304 2220 1330 2240 ω
1350 2218 1438 2242 corr.
1454 2206 1499 2252 ςΗ

177 2261 217 2291 19
245 2258 372 2292 diuina
393 2271 418 2290 ω
438 2259 449 2300 ll
469 2261 511 2290 24
538 2257 668 2290 alienis
689 2271 715 2290 ω
733 2258 735 2302 Ι
754 2258 851 2300 quod
873 2256 969 2290 orbis
990 2256 1107 2290 Nonii
1125 2255 1224 2289 codd.
1238 2254 1250 2300 Η
1264 2258 1306 2288 25
1333 2254 1441 2288 aliter
1455 2274 1497 2278 —

175 2305 283 2338 aliter
302 2305 397 2339 Non.

1521 752 1550 776 10

1519 1044 1549 1069 15

1517 1337 1550 1361 20

1519 1630 1551 1655 25
