1617 2484
685 68 732 101 lv
760 72 796 109 ες
825 73 843 101 3
1352 68 1432 109 185

103 180 286 218 estant
313 177 472 225 obest,
493 191 587 230 quo
615 177 719 231 ipse
747 178 909 217 minus
934 179 1080 229 aptus
1108 176 1191 228 sit,
1213 176 1432 217 morbosi

104 240 227 277 sunt.
284 235 376 284 Qui
405 238 583 276 natura
608 234 756 290 longe
783 236 945 276 minus
972 235 1127 288 videt,
1160 238 1257 276 tam
1285 250 1433 276 sanus

103 298 196 347 est,
229 310 370 348 quam
403 295 487 348 qui
522 295 712 335 tardius
745 295 914 335 currit.

738 410 800 452 ΙΙΙ

67 504 82 527 5
104 492 207 534 Quod
239 492 362 526 nullae
393 492 542 526 fuerunt
571 493 622 526 rei
655 493 805 527 uxoriae
838 493 999 526 actiones
1030 493 1065 526 in
1092 493 1182 526 urbe
1208 492 1324 526 Roma
1350 494 1435 526 ante

150 539 395 573 Carvilianum
422 540 636 581 divortiunu
663 542 773 582 atque
800 541 904 582 inibi,
931 540 1016 583 quid
1047 541 1095 573 sit
1120 540 1266 584 proprie
1293 540 1434 584 paeleX‚

149 598 315 631 quaeque
342 587 420 621 eius
447 587 615 621 vocabuli
641 588 736 621 ratio
764 588 821 620 sit.

190 670 418 712 Memoriae
456 672 656 712 traditum
695 674 758 712 est
796 671 1037 726 quingentis
1071 674 1154 711 fere
1187 671 1307 712 annis
1339 674 1467 725 posti

102 729 281 770 Romam
326 730 537 771 conditam
581 730 718 771 nullas
762 731 821 771 rei
865 731 1035 771 uxoriae
1076 745 1210 783 neque
1248 731 1435 771 actiones

52 806 84 831 ιο
102 803 238 842 neque
282 790 497 830 cautiones
542 789 585 829 in
628 790 729 830 urbe
767 789 903 830 Roma
944 792 1016 830 aut
1054 790 1097 829 in
1133 789 1255 829 Latio
1294 790 1436 841 fuisse,

104 848 304 901 quoniam
339 848 528 901 profecto
561 848 669 889 nihil
701 847 1015 889 desiderabatur
1046 847 1173 888 nullis
1207 849 1437 889 etiamtunc

102 907 382 947 matrimoniis
404 907 718 947 divertentibus.
764 906 968 948 Servius
989 921 1156 961 quoque
1178 906 1435 961 Sulpicius
1451 919 1469 948 2

101 965 145 1006 in
176 965 327 1019 libro,
357 980 481 1019 quem
507 967 746 1020 composuit
770 966 827 1006 de
853 966 1057 1007 dotibus
1086 968 1155 1018 (fr.
1176 967 1327 1018 11121.
1348 970 1438 1007 :227

101 1024 214 1077 Biz),
258 1027 348 1065 tum
392 1025 575 1079 primum
621 1026 835 1066 cautiones
875 1026 936 1066 rei
973 1026 1144 1065 uxoriae
1182 1025 1436 1066 necessarias

50 1101 82 1125 15
103 1097 192 1124 esse
230 1083 340 1124 visas
378 1084 563 1137 scripsit,
602 1098 696 1124 cum
735 1083 911 1137 Spurius
951 1083 1173 1137 Carvilius,
1212 1085 1279 1125 cui
1313 1083 1438 1139 Ruga

103 1145 430 1197 cognomentum
469 1143 568 1195 fuit,
604 1143 669 1183 vir
705 1143 879 1196 nobilis,
917 1143 1144 1184 divortium
1182 1158 1276 1184 cum
1309 1157 1438 1184 uxore

102 1201 214 1254 fecit,
247 1202 344 1255 quia
374 1201 497 1242 liberi
529 1217 579 1241 ex
612 1216 659 1243 ea
691 1203 878 1255 corporis
910 1202 1016 1242 Vitio
1042 1216 1128 1243 non
1153 1202 1438 1257 gignerentur,

103 1274 211 1300 anno
268 1260 383 1301 urbis
434 1260 626 1301 conditae
676 1262 1013 1316 quingentesimo
1063 1262 1261 1301 vicesimo
1311 1262 1437 1301 tertio

102 1317 157 1359 M.
190 1317 324 1359 Atilio
363 1318 406 1359 P.
440 1318 609 1360 Valerio
654 1320 907 1360 consulibus.
974 1319 1115 1373 Atque
1155 1321 1191 1360 is
1231 1320 1438 1361 Carvilius

50 1394 84 1419 20
104 1377 285 1418 traditur
309 1391 496 1431 uxorem,
522 1393 648 1432 quam
674 1379 846 1432 dimisit,
871 1379 1038 1433 egregie
1062 1378 1256 1420 dilexisse
1277 1379 1438 1420 carissi-

104 1450 298 1490 mamque
330 1451 495 1477 morum
528 1438 617 1477 eius
650 1438 786 1493 gratia
817 1438 1032 1491 habuisse,
1071 1441 1135 1478 set
1166 1438 1438 1478 iurisiuiandi

103 1495 350 1550 religionem
377 1495 517 1536 animo
544 1499 669 1550 atque
695 1497 828 1537 amori
854 1497 1144 1550 praevertisse,
1170 1497 1282 1550 quod
1302 1497 1438 1537 iurare

104 1569 128 1594 a
159 1554 402 1596 censoribus
434 1557 604 1596 coactus
637 1559 724 1596 erat
755 1570 930 1597 uxorem
960 1570 1002 1596 se
1027 1555 1208 1596 liberum
1235 1570 1439 1610 quaerun-

105 1613 204 1654 dum
237 1614 374 1668 gratia
404 1613 660 1654 habiturum.

51 1688 83 1713 25
193 1671 431 1713 ‘Paelieem’
454 1676 593 1713 autem
613 1672 867 1727 appellatam
886 1673 1218 1739 probrosamque
1238 1673 1438 1726 habitam,
1453 1685 1472 1714 3

106 1744 212 1783 quae
245 1732 387 1772 iuncta
419 1735 700 1785 consuetaque
733 1735 842 1773 esset
874 1746 967 1772 cum
1001 1747 1062 1785 eo,
1094 1733 1138 1773 in
1167 1733 1284 1773 cuius
1311 1746 1438 1773 manu

199 1861 219 1892 8
234 1869 310 1901 sqq.
338 1858 438 1891 XVII
458 1862 512 1901 21,
535 1863 577 1892 44
604 1859 708 1893 Dion.
731 1859 812 1893 Hal.
836 1859 868 1892 Π
889 1863 943 1901 25,
964 1864 980 1891 7
1002 1859 1287 1901 Val.Max.111‚
1303 1864 1323 1893 4
1342 1859 1438 1894 Plut.

105 1916 220 1949 comp.
242 1905 348 1939 Thes.
371 1907 408 1939 et
426 1905 528 1939 Rom.
550 1905 599 1939 VI
620 1910 640 1939 6
665 1906 771 1939 Num.
794 1908 831 1940 et
850 1907 933 1949 Lyc.
954 1906 1003 1939 m
1025 1911 1065 1939 11
1087 1908 1227 1950 quaest.
1250 1906 1290 1940 R.
1315 1911 1374 1947 143
1395 1910 1438 1941 59

105 1952 201 1987 Tert.
224 1952 318 1996 apol.
342 1956 360 1985 6
383 1953 427 1986 de
447 1963 590 1997 monog.
613 1956 631 1986 9
753 1957 795 1987 25
810 1965 886 1996 sqq.
914 1953 1014 1987 Paul.
1037 1966 1070 1998 p.
1094 1958 1172 1996 222,
1194 1957 1213 1987 3
1240 1952 1348 1988 Gran.
1364 1954 1437 1987 Lic.

104 1999 147 2033 fr.
170 2003 189 2033 6
216 1999 298 2043 Dig.
320 1999 347 2032 L
382 2003 435 2042 16,
459 2004 524 2032 144
551 1999 638 2033 CGL
659 1999 691 2032 V
714 2003 790 2042 130,
811 2004 853 2033 39
880 2000 946 2034 VH
966 2004 1008 2034 62

202 2121 218 2150 1
249 2117 347 2160 quod
371 2121 401 2150 R
424 2119 427 2160 Ι
450 2117 523 2160 ipsi
549 2130 593 2158 ω,
626 2117 722 2151 unde
744 2118 860 2160 possis
885 2119 1012 2161 aptum
1031 2120 1042 2161 11
1063 2123 1081 2152 2
1109 2117 1194 2164 Qui]
1221 2118 1265 2151 ΡΞ
1291 2118 1356 2152 Cui
1382 2132 1409 2152 ω
1429 2120 1440 2163 Ε

107 2167 126 2197 3
163 2164 291 2197 tardus
316 2168 346 2197 R.
370 2166 381 2208 Η
409 2167 426 2197 7
466 2164 517 2197 eis
545 2177 571 2197 ω
596 2165 608 2207 ΙΙ
635 2167 677 2197 10
713 2175 865 2198 romana
889 2168 919 2197 R
943 2167 954 2209 Η
982 2170 1020 2198 11
1058 2166 1364 2200 desiderabantur
1390 2177 1410 2203 ς
1429 2168 1441 2210 ΙΙ

109 2215 150 2244 15
176 2211 258 2245 uisa
276 2211 437 2257 P¹V1118
463 2210 630 2244 DXXVH
650 2211 696 2256 ςΗ
711 2214 752 2244 19
779 2211 927 2246 consule
948 2226 973 2245 ω
994 2224 1082 2247 corr.
1105 2214 1207 2258 ςΗ2Ο
1234 2213 1440 2246 carissima-

106 2268 177 2300 que
197 2271 224 2291 ω
243 2260 254 2301 Η
275 2262 315 2291 21
344 2258 408 2292 sed
431 2258 558 2292 Carrio
579 2259 615 2292 et
635 2271 661 2291 ω
681 2260 692 2302 ΙΙ
713 2263 755 2292 25
782 2259 976 2302 probosam
997 2273 1023 2292 ω
1044 2271 1131 2294 corr.
1154 2271 1174 2297 ς
1193 2262 1204 2303 11
1226 2263 1268 2293 26
1295 2264 1340 2293 ἐἴ
1355 2260 1436 2305 PV1

105 2315 255 2338 manum
273 2305 353 2338 P¹v
