1591 2474
127 51 188 92 24
601 47 837 83 CAPITVLA
886 47 972 82 LIB.
999 47 1031 80 X

139 159 253 212 quod
296 160 400 211 aput
437 156 619 197 Mausoli
661 156 901 209 sepulerum
943 170 966 196 a
1007 155 1283 208 scriptoribus
1322 155 1493 195 inclutis

139 218 398 258 decertatum
431 218 503 256 est.

225 274 325 315 XIX
374 273 474 315 Non
526 273 705 327 purgari
754 287 891 325 neque
934 272 1065 312 levari
1108 274 1346 325 peceatum,
1396 285 1490 311 eum

133 333 432 387 praetenditur*
450 334 738 385 peecatorum,
776 345 882 383 quae
908 331 979 371 alii
1008 344 1175 384 quoque
1200 332 1494 384 peecaverunt,

135 392 395 444 similitudo,
434 393 560 443 atque
600 390 704 430 inibi
746 389 873 429 verba
906 403 955 429 ex
990 390 1179 429 oratione
1212 403 1337 442 super
1368 403 1415 428 ea
1446 402 1491 428 re

134 450 450 492 Demosthenis.

224 509 303 549 XX
349 508 459 557 Quid
502 508 557 547 sit
592 506 802 561 ‘1⁴0gatio',
841 506 942 559 quid
975 506 1087 558 ‘lex⁷,
1125 506 1226 558 quid
1259 505 1490 559 ‘plebissci-

133 569 255 621 tum’,
295 567 396 620 quid
435 566 759 620 ‘privilegium’3
800 567 842 605 et
882 567 1087 617 quantum
1126 565 1206 604 ista
1240 564 1381 604 onmia
1414 562 1489 603 dif-

134 628 283 667 ferant.

224 684 325 724 XXI
358 683 493 732 Quam
529 682 582 723 ob
611 696 779 722 causam
806 681 861 722 M.
884 679 1030 722 Cicero
1056 681 1122 721 his
1150 681 1323 721 omnino
1350 680 1490 721 verbis

135 742 394 785 ‘novissime’
423 744 464 782 et
491 740 777 781 ‘novissimus'
809 740 1177 780 observantissime
1197 739 1314 792 (uti)
1334 739 1489 779 vitarit.

224 800 347 842 XXII
390 800 532 840 Locus
575 802 796 852 exemptus
836 813 886 839 ex
924 798 1115 839 Platonis
1152 798 1280 850 libro,
1319 797 1391 851 qui
1428 797 1488 837 in-

135 860 336 901 scribitur
356 858 547 913 Gorgias,
578 858 628 898 de
654 858 785 897 falsae
811 856 1107 911 philosophiae
1130 856 1308 910 probris,
1335 855 1489 909 quibus

132 917 414 973 philosophos
456 920 612 958 temere
655 917 889 969 incessunt,
935 917 1005 968 qui
1044 916 1329 955 emolumenta
1367 928 1491 954 verae

131 977 431 1031 philosophiae
463 976 671 1030 ignorant.

224 1034 367 1075 XXIII
406 1033 549 1074 Verba
584 1048 635 1074 ex
670 1034 859 1073 oratione
891 1032 945 1072 M.
975 1031 1147 1072 Catonis
1180 1032 1230 1071 de
1262 1031 1489 1071 mulierum

132 1098 324 1135 veterum
357 1094 473 1134 victu
506 1095 547 1133 et
578 1092 789 1145 moribus3
822 1094 949 1144 atque
981 1090 1097 1142 inibi,
1131 1090 1245 1143 quod
1269 1090 1397 1130 fuerit
1422 1090 1487 1130 ius

136 1154 290 1194 marito
324 1153 366 1192 in
399 1151 606 1192 adulterio
641 1165 818 1191 uxorem
852 1149 1155 1203 deprehensam
1187 1162 1347 1189 necare.

224 1210 367 1251 XXIV
415 1209 510 1250 ‘Die
548 1209 746 1263 pristini',
786 1208 868 1249 ‘die
907 1208 1092 1248 crastini'
1133 1209 1174 1247 et
1213 1207 1295 1247 ‘die
1331 1206 1485 1259 quarti’

135 1273 178 1311 et
212 1270 293 1310 ‘die
327 1269 494 1322 quinti’,
527 1268 599 1321 qui
632 1267 867 1322 elegantius
900 1266 1033 1307 loeuti
1065 1266 1167 1318 sint,
1202 1266 1369 1318 dixisse,
1401 1279 1488 1305 non

133 1331 183 1369 ut
217 1343 264 1369 ea
295 1341 408 1368 nune
439 1328 567 1381 volgo
601 1327 808 1366 dicuntur.

224 1385 357 1437 XXVv
390 1385 589 1426 Telorum
629 1388 670 1425 et
708 1385 942 1425 iaculorum
980 1383 1321 1437 gladiorumque,
1359 1384 1489 1434 atque

134 1445 241 1486 inibi
268 1445 438 1485 navium
467 1458 636 1497 quoque
661 1443 880 1495 vocabula,
914 1456 1020 1495 quae
1047 1442 1202 1494 scripta
1227 1441 1270 1480 in
1296 1442 1483 1481 veterum
1514 1484 1527 1494 ,1

133 1504 255 1544 libris
287 1503 565 1556 reperiuntur.

225 1560 367 1602 XXVI
405 1560 560 1601 Inscite
593 1560 645 1600 ab
672 1558 821 1599 Asinio
848 1557 1042 1599 Pollione
1067 1557 1368 1610 reprehensum
1397 1555 1485 1597 Sal-

134 1621 330 1672 lustium,
370 1620 483 1673 quod
520 1618 907 1659 transfretationem
947 1616 1285 1671 ‘transgressum’
1321 1616 1487 1668 dixerit,

135 1683 178 1720 et
210 1678 526 1733 ‘transgressos’
563 1678 635 1730 qui
667 1677 1020 1717 transfretassent.

226 1736 392 1778 XXVII
432 1736 623 1776 Historia
656 1736 706 1775 de
738 1735 898 1788 populo
931 1734 1124 1774 Romano
1158 1733 1291 1785 deque
1323 1732 1483 1786 populo

135 1795 334 1849 Poenico,
368 1795 481 1849 quod
512 1795 604 1848 pari
630 1794 937 1847 propemodum
963 1792 1109 1847 vigore
1134 1791 1292 1831 fuerint
1317 1791 1485 1831 aemuli.

224 1853 409 1894 XXVIII
457 1853 522 1894 De
566 1853 767 1893 aetatium
812 1852 967 1892 finibus
1012 1850 1233 1904 pueritiae,
1277 1849 1485 1901 iuventae,

135 1916 347 1965 senectae,
380 1927 431 1952 ex
463 1911 698 1952 Tuberonis
731 1910 908 1951 historia
941 1911 1167 1962 sumptum.

224 1970 365 2011 XXIX
387 1970 508 2019 Quod
528 1970 735 2023 particula
756 1968 913 2021 ‘atque'
934 1982 1020 2008 non
1038 1966 1302 2020 complexiva
1316 1967 1483 2006 tantum

135 2030 204 2081 sit,
238 2030 309 2070 sed
341 2030 426 2069 vim
459 2028 614 2068 habeat
645 2028 882 2081 plusculam
915 2027 1169 2078 variamque.
