1611 2474
145 482 159 510 1

173 58 257 98 27ss
722 58 769 91 V1
795 58 886 101 (VH)
916 62 960 91 ιε)

792 210 888 251 XIX

175 292 337 326 Historia
364 303 405 325 ex
433 290 627 324 annalibus
655 292 800 334 sumpta
827 291 870 324 de
891 291 1037 325 Tiberio
1059 292 1232 330 Graccho,
1260 292 1505 326 Gracchorum

222 342 337 383 patre,
359 339 504 371 tribuno
525 337 663 380 plebis:
685 339 795 381 atque
816 338 908 371 inibi
928 339 1127 372 tribunicia
1148 339 1293 372 decreta
1314 351 1393 373 cum
1416 340 1505 383 ipsis

223 387 340 419 verbis
366 385 493 419 relata.

265 469 462 508 Pulcrum
495 471 620 521 atque
651 468 823 509 liberale
855 471 979 521 atque
1008 470 1322 524 magnanimum
1349 471 1505 510 factum

177 527 334 568 Tiberii
361 526 599 580 Sempronii
626 526 804 567 Gracchi
834 528 880 567 in
907 529 1151 581 exemplis
1177 529 1405 581 repositum
1434 532 1506 569 est.

144 598 162 626 2
178 585 224 626 Id
256 585 495 639 exemplum
527 585 818 626 huiuscemodi
844 589 906 627 est
932 586 1071 637 (Corn.
1096 587 1193 638 Nep.
1220 601 1276 627 er.
1300 589 1352 638 fr.
1373 592 1400 627 3
1421 587 1508 639 Py:

144 832 160 847 ⁴)

144 846 162 861 nr)

144 949 164 977 4

146 1067 164 1095 ἱ)

177 644 221 684 L.
256 644 443 697 Scipioni
482 643 689 695 Asiatico,
733 643 776 684 P.
811 643 1019 697 Scipionis
1057 644 1245 685 Africani
1283 647 1508 699 superioris

177 704 315 755 fratri,
353 701 394 742 C.
428 702 638 743 Minucius
670 702 914 757 Augurinus
952 704 1146 744 tribunus
1186 704 1296 757 plebi
1334 705 1508 744 multam

178 763 380 816 irrogavit
423 775 602 813 eumque
647 762 700 801 ob
745 776 835 802 eam
880 776 1046 802 causam
1091 763 1261 815 praedes
1300 763 1510 816 poscebat.

179 820 320 873 Scipio
359 819 583 860 Africanus
626 820 767 860 fratris
810 822 980 861 nomine
1024 821 1074 860 ad
1119 821 1341 875 collegium
1381 822 1510 862 tribu-

178 894 327 919 norum
373 879 630 931 provocabat
674 879 943 932 petebatque,
986 882 1033 919 ut
1076 881 1210 919 virum
1250 881 1510 920 consularem

179 937 564 990 triumphalemque
601 952 624 977 a
662 938 847 992 collegae
885 939 926 977 vi
964 938 1242 978 defenderent.
1304 940 1408 978 (⁷)cto
1441 940 1511 978 tri-

180 996 282 1036 buni
315 996 484 1050 cognita
515 1009 639 1036 causa
671 996 950 1036 decreverunt.

269 1055 371 1095 Eius
404 1055 559 1094 decreti
590 1055 728 1104 verba,
761 1069 867 1107 quae
899 1056 1033 1107 posui,
1065 1070 1114 1095 ex
1147 1056 1399 1095 annalium
1427 1069 1511 1095 mo-

181 1114 392 1153 numentis
425 1114 634 1165 exscripta
663 1116 776 1153 sunt:
810 1113 949 1161 Quod
974 1113 1017 1153 P.
1046 1112 1216 1167 Scipio
1243 1112 1512 1154 Africanus

181 1172 466 1225 postulavit
498 1186 585 1224 pro
612 1171 656 1211 L.
686 1170 923 1225 Scipione
948 1170 1175 1212 Asiatico
1201 1172 1374 1225 fratre⁷
1406 1186 1513 1212 cum

182 1234 357 1271 contra
405 1231 542 1284 leges
593 1233 867 1283 contraque
915 1245 1096 1271 morem
1143 1232 1382 1271 maiorum
1426 1232 1513 1271 tri-

182 1290 343 1329 bunus
388 1290 448 1341 pl.
486 1289 775 1329 hominibus
821 1290 998 1329 accitis
1037 1304 1121 1342 per
1158 1290 1253 1329 vim
1294 1290 1513 1343 inauspi-

183 1351 293 1388 cato
327 1348 630 1388 sententiam
664 1348 718 1387 de
751 1362 804 1388 eo
836 1349 1016 1388 tulerit
1041 1349 1348 1400 multamque
1374 1349 1514 1388 nullo
1536 1368 1549 1389 2

184 1407 413 1459 exemplo
458 1407 763 1460 irrogaverit
806 1407 1113 1460 praedesque
1157 1421 1262 1446 eum
1308 1407 1366 1446 ob
1411 1421 1512 1446 eam

182 1479 282 1505 rem
315 1465 429 1505 dare
461 1467 608 1519 cogat
640 1467 741 1517 aut⁷
772 1466 812 1505 si
844 1479 941 1505 non
970 1465 1068 1517 det,
1101 1465 1149 1505 in
1174 1466 1377 1505 vincula
1403 1465 1516 1505 duci

184 1523 374 1575 iubeat,
411 1526 463 1563 ut
501 1538 610 1563 eum
649 1538 672 1563 a
711 1524 934 1577 collegae
972 1524 1017 1563 vi
1057 1523 1429 1576 prohibeamus3
1470 1526 1517 1563 et

185 1582 315 1635 quod
354 1584 530 1621 contra
568 1582 764 1635 collega
802 1583 1102 1635 postulavit,
1139 1596 1196 1622 ne
1235 1582 1331 1622 sibi
1363 1582 1515 1622 inter-

187 1641 436 1691 ceda1nus‚
468 1641 736 1693 quominus
766 1643 941 1693 suapte
967 1643 1222 1693 potestate
1248 1641 1320 1681 uti
1346 1641 1516 1693 liceat,

186 1699 240 1739 de
278 1713 331 1739 ea
368 1713 418 1739 re
456 1701 680 1739 nostrum
720 1700 973 1739 sententia
1011 1699 1227 1739 omnium
1264 1713 1317 1739 ea
1348 1701 1438 1740 est:
1477 1700 1516 1739 si

186 1758 229 1797 L.
252 1756 516 1797 Cornelius
539 1756 709 1810 Scipio
730 1756 988 1798 Asiaticus
1015 1758 1240 1812 collegae
1267 1758 1516 1798 arbitratu

186 1816 391 1869 praedes
425 1816 581 1868 dabit,
613 1817 855 1870 collegae,
893 1831 949 1856 ne
982 1831 1087 1856 eum
1122 1817 1169 1856 in
1200 1817 1403 1856 vincula
1433 1817 1516 1856 du-

188 1877 282 1925 cat,
308 1875 692 1926 intercedemusg
719 1875 758 1915 si
786 1876 890 1915 eius
917 1875 1167 1915 arbitratu
1195 1875 1400 1927 praedes
1421 1889 1517 1914 non

282 2039 301 2068 5
318 2047 394 2079 sqq.
422 2036 496 2069 Liv.
519 2036 701 2069 XXXVIII
722 2041 764 2070 52
780 2048 856 2080 sqq.
884 2036 978 2070 Plut.
1001 2036 1089 2070 Cato
1111 2040 1152 2070 15
1175 2036 1268 2077 (Val.
1288 2036 1382 2069 Max.
1399 2036 1429 2068 V
1451 2040 1480 2073 3,
1498 2040 1517 2068 2

189 2081 271 2115 VIII
292 2086 309 2115 1
338 2083 457 2115 damn.
482 2087 497 2116 1
528 2083 607 2117 Seu.
631 2083 716 2116 dial.
738 2083 785 2116 XI
808 2088 860 2125 14,
882 2088 901 2116 4
928 2083 1020 2116 Plin.
1042 2083 1155 2127 praef.
1181 2086 1235 2123 10)

284 2239 303 2267 6
324 2234 476 2278 Nepotis
498 2236 657 2279 positum
678 2236 834 2280 Thysz'us
852 2237 863 2279 Ι]
883 2239 901 2269 9
923 2235 1020 2279 patri
1034 2239 1063 2268 R
1083 2238 1092 2279 ΙΙ
1114 2239 1153 2269 11
1173 2235 1288 2279 patris
1304 2249 1329 2268 ω
1349 2237 1360 2278 ΙΙ
1382 2239 1422 2268 12
1437 2246 1520 2279 pro·

190 2283 374 2315 uocabant
399 2282 648 2325 petebantque
675 2283 758 2325 (que
784 2293 849 2316 om.
871 2285 911 2315 R}
934 2296 959 2315 ω
985 2294 1072 2316 ern-r.
1095 2282 1138 2314 1²²
1156 2284 1166 2325 Η
1187 2286 1228 2315 23
1255 2282 1310 2327 ut]
1337 2283 1374 2315 et
1393 2295 1420 2315 ω

1533 782 1563 804 10

1534 1074 1564 1097 15

1537 1658 1568 1683 25
