<?xml version="1.0" encoding="UTF-8"?>
<!DOCTYPE html PUBLIC "-//W3C//DTD XHTML 1.0 Transitional//EN"
    "http://www.w3.org/TR/xhtml1/DTD/xhtml1-transitional.dtd">
<html xmlns="http://www.w3.org/1999/xhtml" xml:lang="en" lang="en">
 <head>
  <title>
</title>
<meta http-equiv="Content-Type" content="text/html;charset=utf-8" />
  <meta name='ocr-system' content='tesseract 3.04.00' />
  <meta name='ocr-capabilities' content='ocr_page ocr_carea ocr_par ocr_line ocrx_word'/>
</head>
<body>
  <div class='ocr_page' id='page_1' title='image "./agelliinoctiumat01gelluoft_0132.png"; bbox 0 0 1591 2474; ppageno 0'>
   <div class='ocr_carea' id='block_1_1' title="bbox 138 59 889 106">
    <p class='ocr_par' dir='ltr' id='par_1_1' title="bbox 138 59 889 106">
     <span class='ocr_line' id='line_1_1' title="bbox 138 59 889 106; baseline -0.023 0"><span class='ocrx_word' id='word_1_1' title='bbox 138 66 193 106; x_wconf 84' lang='lat'>64</span> <span class='ocrx_word' id='word_1_2' title='bbox 508 66 511 70; x_wconf 72' lang='grc'><em>’</em></span> <span class='ocrx_word' id='word_1_3' title='bbox 718 59 889 100; x_wconf 68' lang='lat'>111312</span> 
     </span>
    </p>
   </div>
   <div class='ocr_carea' id='block_1_2' title="bbox 86 161 1488 1269">
    <p class='ocr_par' dir='ltr' id='par_1_2' title="bbox 141 161 1473 217">
     <span class='ocr_line' id='line_1_2' title="bbox 141 161 1473 217; baseline -0.011 -3"><span class='ocrx_word' id='word_1_4' title='bbox 141 173 240 213; x_wconf 90' lang='lat' dir='ltr'>ralis</span> <span class='ocrx_word' id='word_1_5' title='bbox 271 173 344 212; x_wconf 92' lang='lat' dir='ltr'>illa</span> <span class='ocrx_word' id='word_1_6' title='bbox 378 169 469 210; x_wconf 81' lang='lat' dir='ltr'>Gra</span> <span class='ocrx_word' id='word_1_7' title='bbox 478 183 499 210; x_wconf 93' lang='lat' dir='ltr'>c</span> <span class='ocrx_word' id='word_1_8' title='bbox 508 169 587 209; x_wconf 90' lang='lat' dir='ltr'>chi</span> <span class='ocrx_word' id='word_1_9' title='bbox 619 165 882 207; x_wconf 86' lang='lat' dir='ltr'>vehementia</span> <span class='ocrx_word' id='word_1_10' title='bbox 914 163 1142 217; x_wconf 76' lang='lat' dir='ltr'>indiguisse</span> <span class='ocrx_word' id='word_1_11' title='bbox 1174 176 1276 213; x_wconf 77' lang='lat' dir='ltr'>non,</span> <span class='ocrx_word' id='word_1_12' title='bbox 1312 161 1473 213; x_wconf 79' lang='lat' dir='ltr'>opinor,</span> 
     </span>
    </p>

    <p class='ocr_par' dir='ltr' id='par_1_3' title="bbox 86 219 1476 455">
     <span class='ocr_line' id='line_1_3' title="bbox 86 219 1473 273; baseline -0.012 0"><span class='ocrx_word' id='word_1_13' title='bbox 86 242 127 273; x_wconf 83' lang='lat'>15</span> <span class='ocrx_word' id='word_1_14' title='bbox 143 230 417 272; x_wconf 78' lang='lat' dir='ltr'>existimanda</span> <span class='ocrx_word' id='word_1_15' title='bbox 450 231 522 268; x_wconf 91' lang='lat' dir='ltr'>est.</span> <span class='ocrx_word' id='word_1_16' title='bbox 578 226 631 266; x_wconf 88' lang='lat' dir='ltr'>M.</span> <span class='ocrx_word' id='word_1_17' title='bbox 665 228 807 265; x_wconf 86' lang='lat' dir='ltr'>tamen</span> <span class='ocrx_word' id='word_1_18' title='bbox 833 222 915 263; x_wconf 83' lang='lat' dir='ltr'>Cic</span> <span class='ocrx_word' id='word_1_19' title='bbox 924 237 944 262; x_wconf 95' lang='lat' dir='ltr'>e</span> <span class='ocrx_word' id='word_1_20' title='bbox 953 236 1004 262; x_wconf 91' lang='lat' dir='ltr'>ro</span> <span class='ocrx_word' id='word_1_21' title='bbox 1037 222 1314 261; x_wconf 80' lang='lat' dir='ltr'>fistulatorem</span> <span class='ocrx_word' id='word_1_22' title='bbox 1346 219 1473 259; x_wconf 87' lang='lat' dir='ltr'>istum</span> 
     </span>
     <span class='ocr_line' id='line_1_4' title="bbox 142 276 1474 342; baseline -0.011 -11"><span class='ocrx_word' id='word_1_23' title='bbox 142 290 310 342; x_wconf 84' lang='lat' dir='ltr'>utrique</span> <span class='ocrx_word' id='word_1_24' title='bbox 342 288 401 328; x_wconf 88' lang='lat' dir='ltr'>rei</span> <span class='ocrx_word' id='word_1_25' title='bbox 433 286 669 327; x_wconf 86' lang='lat' dir='ltr'>adhibitum</span> <span class='ocrx_word' id='word_1_26' title='bbox 702 297 789 323; x_wconf 88' lang='lat' dir='ltr'>esse</span> <span class='ocrx_word' id='word_1_27' title='bbox 822 296 845 321; x_wconf 87' lang='lat' dir='ltr'>a</span> <span class='ocrx_word' id='word_1_28' title='bbox 873 280 906 321; x_wconf 79' lang='lat' dir='ltr'>G</span> <span class='ocrx_word' id='word_1_29' title='bbox 915 296 965 320; x_wconf 86' lang='lat' dir='ltr'>ra</span> <span class='ocrx_word' id='word_1_30' title='bbox 974 295 995 321; x_wconf 90' lang='lat' dir='ltr'>c</span> <span class='ocrx_word' id='word_1_31' title='bbox 1004 279 1060 320; x_wconf 88' lang='lat' dir='ltr'>ch</span> <span class='ocrx_word' id='word_1_32' title='bbox 1069 294 1092 319; x_wconf 96' lang='lat' dir='ltr'>o</span> <span class='ocrx_word' id='word_1_33' title='bbox 1126 281 1258 332; x_wconf 72' lang='lat' dir='ltr'>putat,</span> <span class='ocrx_word' id='word_1_34' title='bbox 1289 281 1336 318; x_wconf 90' lang='lat' dir='ltr'>ut</span> <span class='ocrx_word' id='word_1_35' title='bbox 1362 276 1474 317; x_wconf 92' lang='lat' dir='ltr'>sonis</span> 
     </span>
     <span class='ocr_line' id='line_1_5' title="bbox 143 338 1475 400; baseline -0.011 -11"><span class='ocrx_word' id='word_1_36' title='bbox 143 352 234 390; x_wconf 88' lang='lat' dir='ltr'>tum</span> <span class='ocrx_word' id='word_1_37' title='bbox 278 346 452 400; x_wconf 81' lang='lat' dir='ltr'>placidis</span> <span class='ocrx_word' id='word_1_38' title='bbox 496 348 587 384; x_wconf 89' lang='lat' dir='ltr'>tum</span> <span class='ocrx_word' id='word_1_39' title='bbox 631 342 769 383; x_wconf 84' lang='lat' dir='ltr'>citatis</span> <span class='ocrx_word' id='word_1_40' title='bbox 813 342 885 380; x_wconf 86' lang='lat' dir='ltr'>aut</span> <span class='ocrx_word' id='word_1_41' title='bbox 929 339 1150 379; x_wconf 85' lang='lat' dir='ltr'>demissam</span> <span class='ocrx_word' id='word_1_42' title='bbox 1187 338 1475 388; x_wconf 84' lang='lat' dir='ltr'>iacentemque</span> 
     </span>
     <span class='ocr_line' id='line_1_6' title="bbox 146 396 1476 455; baseline -0.011 -8"><span class='ocrx_word' id='word_1_43' title='bbox 146 407 377 447; x_wconf 86' lang='lat' dir='ltr'>orationem</span> <span class='ocrx_word' id='word_1_44' title='bbox 410 405 498 444; x_wconf 89' lang='lat' dir='ltr'>eius</span> <span class='ocrx_word' id='word_1_45' title='bbox 530 403 708 455; x_wconf 80' lang='lat' dir='ltr'>erigeret</span> <span class='ocrx_word' id='word_1_46' title='bbox 740 402 812 440; x_wconf 86' lang='lat' dir='ltr'>aut</span> <span class='ocrx_word' id='word_1_47' title='bbox 842 398 1112 438; x_wconf 66' lang='lat' dir='ltr'>ferocientem</span> <span class='ocrx_word' id='word_1_48' title='bbox 1140 396 1476 446; x_wconf 83' lang='lat' dir='ltr'>saevientemque</span> 
     </span>
    </p>

    <p class='ocr_par' dir='ltr' id='par_1_4' title="bbox 89 451 1483 974">
     <span class='ocr_line' id='line_1_7' title="bbox 89 451 1477 513; baseline -0.011 -6"><span class='ocrx_word' id='word_1_49' title='bbox 89 477 131 507; x_wconf 85' lang='grc'>16</span> <span class='ocrx_word' id='word_1_50' title='bbox 146 465 372 507; x_wconf 87' lang='lat' dir='ltr'>cohiberet.</span> <span class='ocrx_word' id='word_1_51' title='bbox 422 461 562 502; x_wconf 88' lang='lat' dir='ltr'>Verba</span> <span class='ocrx_word' id='word_1_52' title='bbox 588 460 719 513; x_wconf 87' lang='lat' dir='ltr'>ipsius</span> <span class='ocrx_word' id='word_1_53' title='bbox 745 457 774 499; x_wconf 83' lang='lat' dir='ltr'>C</span> <span class='ocrx_word' id='word_1_54' title='bbox 785 459 828 498; x_wconf 90' lang='lat' dir='ltr'>ic</span> <span class='ocrx_word' id='word_1_55' title='bbox 837 472 857 497; x_wconf 92' lang='lat' dir='ltr'>e</span> <span class='ocrx_word' id='word_1_56' title='bbox 867 472 886 496; x_wconf 90' lang='lat' dir='ltr'>r</span> <span class='ocrx_word' id='word_1_57' title='bbox 895 471 917 496; x_wconf 93' lang='lat'>0</span> <span class='ocrx_word' id='word_1_58' title='bbox 926 457 1002 496; x_wconf 87' lang='lat' dir='ltr'>nis</span> <span class='ocrx_word' id='word_1_59' title='bbox 1028 455 1094 508; x_wconf 77' lang='lat' dir='ltr'>(de</span> <span class='ocrx_word' id='word_1_60' title='bbox 1113 469 1167 495; x_wconf 79' lang='lat' dir='ltr'>or.</span> <span class='ocrx_word' id='word_1_61' title='bbox 1190 454 1274 495; x_wconf 86' lang='lat' dir='ltr'>HI</span> <span class='ocrx_word' id='word_1_62' title='bbox 1289 456 1352 503; x_wconf 81' lang='lat'>60,</span> <span class='ocrx_word' id='word_1_63' title='bbox 1372 451 1477 504; x_wconf 74' lang='lat'><em>225)</em></span> 
     </span>
     <span class='ocr_line' id='line_1_8' title="bbox 146 512 1480 577; baseline -0.011 -12"><span class='ocrx_word' id='word_1_64' title='bbox 146 523 341 577; x_wconf 88' lang='lat' dir='ltr'>apposui:</span> <span class='ocrx_word' id='word_1_65' title='bbox 379 520 555 572; x_wconf 83' lang='lat' dir='ltr'>Itaque</span> <span class='ocrx_word' id='word_1_66' title='bbox 593 519 720 559; x_wconf 91' lang='lat' dir='ltr'>idem</span> <span class='ocrx_word' id='word_1_67' title='bbox 755 512 1025 566; x_wconf 69' lang='lat' dir='ltr'>Gracchus,</span> <span class='ocrx_word' id='word_1_68' title='bbox 1062 527 1156 566; x_wconf 85' lang='lat' dir='ltr'>quo</span> <span class='ocrx_word' id='word_1_69' title='bbox 1167 513 1193 553; x_wconf 89' lang='lat' dir='ltr'>d</span> <span class='ocrx_word' id='word_1_70' title='bbox 1224 515 1366 566; x_wconf 86' lang='lat' dir='ltr'>potes</span> <span class='ocrx_word' id='word_1_71' title='bbox 1398 526 1480 551; x_wconf 90' lang='lat' dir='ltr'>au-</span> 
     </span>
     <span class='ocr_line' id='line_1_9' title="bbox 148 571 1479 634; baseline -0.011 -11"><span class='ocrx_word' id='word_1_72' title='bbox 148 584 271 634; x_wconf 69' lang='lat' dir='ltr'>dire,</span> <span class='ocrx_word' id='word_1_73' title='bbox 316 580 509 630; x_wconf 75' lang='lat' dir='ltr'>Catule,</span> <span class='ocrx_word' id='word_1_74' title='bbox 554 593 609 618; x_wconf 79' lang='lat' dir='ltr'>ex</span> <span class='ocrx_word' id='word_1_75' title='bbox 648 576 844 617; x_wconf 85' lang='lat' dir='ltr'>Licinio</span> <span class='ocrx_word' id='word_1_76' title='bbox 884 574 1068 614; x_wconf 78' lang='lat' dir='ltr'>cliente</span> <span class='ocrx_word' id='word_1_77' title='bbox 1106 575 1210 623; x_wconf 80' lang='lat' dir='ltr'>tuo,</span> <span class='ocrx_word' id='word_1_78' title='bbox 1247 571 1479 611; x_wconf 88' lang='lat' dir='ltr'>litterato</span> 
     </span>
     <span class='ocr_line' id='line_1_10' title="bbox 146 630 1481 691; baseline -0.01 -10"><span class='ocrx_word' id='word_1_79' title='bbox 146 641 366 691; x_wconf 78' lang='lat' dir='ltr'>homine,</span> <span class='ocrx_word' id='word_1_80' title='bbox 410 652 551 690; x_wconf 81' lang='lat' dir='ltr'>quem</span> <span class='ocrx_word' id='word_1_81' title='bbox 592 649 786 676; x_wconf 84' lang='lat' dir='ltr'>servum</span> <span class='ocrx_word' id='word_1_82' title='bbox 825 633 922 673; x_wconf 89' lang='lat' dir='ltr'>sibi</span> <span class='ocrx_word' id='word_1_83' title='bbox 959 631 1136 672; x_wconf 80' lang='lat' dir='ltr'>habuit</span> <span class='ocrx_word' id='word_1_84' title='bbox 1173 630 1231 670; x_wconf 86' lang='lat' dir='ltr'>ad</span> <span class='ocrx_word' id='word_1_85' title='bbox 1269 642 1481 679; x_wconf 77' lang='lat' dir='ltr'>manum,</span> 
     </span>
     <span class='ocr_line' id='line_1_11' title="bbox 149 686 1482 740; baseline -0.011 0"><span class='ocrx_word' id='word_1_86' title='bbox 149 714 255 740; x_wconf 89' lang='lat' dir='ltr'>cum</span> <span class='ocrx_word' id='word_1_87' title='bbox 306 698 523 738; x_wconf 89' lang='lat' dir='ltr'>eburnea</span> <span class='ocrx_word' id='word_1_88' title='bbox 573 695 756 735; x_wconf 88' lang='lat' dir='ltr'>solitus</span> <span class='ocrx_word' id='word_1_89' title='bbox 806 694 879 732; x_wconf 86' lang='lat' dir='ltr'>est</span> <span class='ocrx_word' id='word_1_90' title='bbox 927 690 1109 730; x_wconf 85' lang='lat' dir='ltr'>habere</span> <span class='ocrx_word' id='word_1_91' title='bbox 1152 689 1348 740; x_wconf 81' lang='lat' dir='ltr'>fistula,</span> <span class='ocrx_word' id='word_1_92' title='bbox 1398 686 1482 739; x_wconf 86' lang='lat' dir='ltr'>qui</span> 
     </span>
     <span class='ocr_line' id='line_1_12' title="bbox 152 748 1482 806; baseline -0.011 -7"><span class='ocrx_word' id='word_1_93' title='bbox 152 759 310 798; x_wconf 91' lang='lat' dir='ltr'>staret</span> <span class='ocrx_word' id='word_1_94' title='bbox 347 771 370 796; x_wconf 96' lang='lat' dir='ltr'>o</span> <span class='ocrx_word' id='word_1_95' title='bbox 381 756 544 796; x_wconf 87' lang='lat' dir='ltr'>cculte</span> <span class='ocrx_word' id='word_1_96' title='bbox 582 768 608 806; x_wconf 83' lang='lat' dir='ltr'>p</span> <span class='ocrx_word' id='word_1_97' title='bbox 619 755 695 793; x_wconf 89' lang='lat' dir='ltr'>ost</span> <span class='ocrx_word' id='word_1_98' title='bbox 733 753 913 804; x_wconf 68' lang='lat' dir='ltr'>ipsum,</span> <span class='ocrx_word' id='word_1_99' title='bbox 944 763 1049 789; x_wconf 90' lang='lat' dir='ltr'>cum</span> <span class='ocrx_word' id='word_1_100' title='bbox 1083 748 1482 797; x_wconf 77' lang='lat' dir='ltr'>contionaretur,</span> 
     </span>
     <span class='ocr_line' id='line_1_13' title="bbox 150 806 1481 870; baseline -0.011 -13"><span class='ocrx_word' id='word_1_101' title='bbox 150 817 368 870; x_wconf 81' lang='lat' dir='ltr'>peritum</span> <span class='ocrx_word' id='word_1_102' title='bbox 411 813 680 863; x_wconf 78' lang='lat' dir='ltr'>hominem,</span> <span class='ocrx_word' id='word_1_103' title='bbox 724 811 808 862; x_wconf 81' lang='lat' dir='ltr'>qui</span> <span class='ocrx_word' id='word_1_104' title='bbox 852 808 1060 848; x_wconf 78' lang='lat' dir='ltr'>inflaret</span> <span class='ocrx_word' id='word_1_105' title='bbox 1104 806 1338 846; x_wconf 81' lang='lat' dir='ltr'>celeriter</span> <span class='ocrx_word' id='word_1_106' title='bbox 1375 818 1481 843; x_wconf 91' lang='lat' dir='ltr'>eum</span> 
     </span>
     <span class='ocr_line' id='line_1_14' title="bbox 152 864 1483 926; baseline -0.011 -10"><span class='ocrx_word' id='word_1_107' title='bbox 152 889 343 926; x_wconf 71' lang='lat' dir='ltr'>sonum,</span> <span class='ocrx_word' id='word_1_108' title='bbox 388 873 472 925; x_wconf 85' lang='lat' dir='ltr'>qui</span> <span class='ocrx_word' id='word_1_109' title='bbox 516 872 659 911; x_wconf 88' lang='lat' dir='ltr'>illum</span> <span class='ocrx_word' id='word_1_110' title='bbox 698 871 781 909; x_wconf 86' lang='lat' dir='ltr'>aut</span> <span class='ocrx_word' id='word_1_111' title='bbox 819 867 1078 907; x_wconf 87' lang='lat' dir='ltr'>remissum</span> <span class='ocrx_word' id='word_1_112' title='bbox 1117 865 1362 904; x_wconf 84' lang='lat' dir='ltr'>excitaret</span> <span class='ocrx_word' id='word_1_113' title='bbox 1399 864 1483 902; x_wconf 86' lang='lat' dir='ltr'>aut</span> 
     </span>
     <span class='ocr_line' id='line_1_15' title="bbox 152 929 834 974; baseline -0.013 1"><span class='ocrx_word' id='word_1_114' title='bbox 152 950 176 974; x_wconf 92' lang='lat' dir='ltr'>a</span> <span class='ocrx_word' id='word_1_115' title='bbox 208 932 532 974; x_wconf 78' lang='lat' dir='ltr'>contentione</span> <span class='ocrx_word' id='word_1_116' title='bbox 565 929 834 969; x_wconf 83' lang='lat' dir='ltr'>revocaret.</span> 
     </span>
    </p>

    <p class='ocr_par' dir='ltr' id='par_1_5' title="bbox 97 981 1487 1221">
     <span class='ocr_line' id='line_1_16' title="bbox 97 981 1485 1038; baseline -0.011 -5"><span class='ocrx_word' id='word_1_117' title='bbox 97 1004 140 1034; x_wconf 76' lang='lat'>17</span> <span class='ocrx_word' id='word_1_118' title='bbox 243 992 403 1031; x_wconf 88' lang='lat' dir='ltr'>Morem</span> <span class='ocrx_word' id='word_1_119' title='bbox 442 991 581 1029; x_wconf 87' lang='lat' dir='ltr'>autem</span> <span class='ocrx_word' id='word_1_120' title='bbox 620 988 739 1027; x_wconf 86' lang='lat' dir='ltr'>illum</span> <span class='ocrx_word' id='word_1_121' title='bbox 771 983 1032 1038; x_wconf 77' lang='lat' dir='ltr'>ingrediendi</span> <span class='ocrx_word' id='word_1_122' title='bbox 1064 982 1115 1022; x_wconf 84' lang='lat' dir='ltr'>ad</span> <span class='ocrx_word' id='word_1_123' title='bbox 1146 981 1367 1021; x_wconf 85' lang='lat' dir='ltr'>tibicinum</span> <span class='ocrx_word' id='word_1_124' title='bbox 1399 992 1485 1019; x_wconf 88' lang='lat' dir='ltr'>mo-</span> 
     </span>
     <span class='ocr_line' id='line_1_17' title="bbox 155 1037 1485 1103; baseline -0.011 -12"><span class='ocrx_word' id='word_1_125' title='bbox 155 1052 276 1091; x_wconf 82' lang='lat' dir='ltr'>dulos</span> <span class='ocrx_word' id='word_1_126' title='bbox 309 1049 458 1103; x_wconf 81' lang='lat' dir='ltr'>proelii</span> <span class='ocrx_word' id='word_1_127' title='bbox 490 1047 731 1087; x_wconf 90' lang='lat' dir='ltr'>institutum</span> <span class='ocrx_word' id='word_1_128' title='bbox 764 1058 851 1084; x_wconf 85' lang='lat' dir='ltr'>esse</span> <span class='ocrx_word' id='word_1_129' title='bbox 884 1058 907 1082; x_wconf 89' lang='lat' dir='ltr'>a</span> <span class='ocrx_word' id='word_1_130' title='bbox 938 1040 1263 1082; x_wconf 85' lang='lat' dir='ltr'>Lacedaemonis</span> <span class='ocrx_word' id='word_1_131' title='bbox 1291 1037 1378 1078; x_wconf 89' lang='lat' dir='ltr'>Ari</span> <span class='ocrx_word' id='word_1_132' title='bbox 1387 1040 1430 1077; x_wconf 87' lang='lat' dir='ltr'>st</span> <span class='ocrx_word' id='word_1_133' title='bbox 1439 1051 1462 1077; x_wconf 96' lang='lat' dir='ltr'>o</span> <span class='ocrx_word' id='word_1_134' title='bbox 1472 1061 1485 1065; x_wconf 99' lang='lat'>-</span> 
     </span>
     <span class='ocr_line' id='line_1_18' title="bbox 154 1096 1487 1157; baseline -0.011 -7"><span class='ocrx_word' id='word_1_135' title='bbox 154 1110 281 1150; x_wconf 88' lang='lat' dir='ltr'>teles</span> <span class='ocrx_word' id='word_1_136' title='bbox 320 1109 369 1148; x_wconf 91' lang='lat' dir='ltr'>in</span> <span class='ocrx_word' id='word_1_137' title='bbox 400 1107 549 1147; x_wconf 90' lang='lat' dir='ltr'>libris</span> <span class='ocrx_word' id='word_1_138' title='bbox 582 1120 608 1157; x_wconf 82' lang='grc'>1)</span> <span class='ocrx_word' id='word_1_139' title='bbox 618 1104 933 1144; x_wconf 83' lang='lat' dir='ltr'>roblematon</span> <span class='ocrx_word' id='word_1_140' title='bbox 966 1099 1035 1154; x_wconf 58' lang='lat' dir='ltr'>(f.)⁴</span> <span class='ocrx_word' id='word_1_141' title='bbox 1058 1102 1142 1141; x_wconf 66' lang='lat'>244</span> <span class='ocrx_word' id='word_1_142' title='bbox 1171 1098 1276 1146; x_wconf 78' lang='lat' dir='ltr'><em>VR.)</em></span> <span class='ocrx_word' id='word_1_143' title='bbox 1309 1096 1487 1149; x_wconf 79' lang='lat' dir='ltr'>scripsit,</span> 
     </span>
     <span class='ocr_line' id='line_1_19' title="bbox 157 1155 1487 1221; baseline -0.012 -12"><span class='ocrx_word' id='word_1_144' title='bbox 157 1183 240 1221; x_wconf 90' lang='lat' dir='ltr'>quo</span> <span class='ocrx_word' id='word_1_145' title='bbox 273 1166 535 1207; x_wconf 82' lang='lat' dir='ltr'>manifestior</span> <span class='ocrx_word' id='word_1_146' title='bbox 565 1165 683 1203; x_wconf 78' lang='lat' dir='ltr'>fieret</span> <span class='ocrx_word' id='word_1_147' title='bbox 715 1160 1052 1214; x_wconf 71' lang='lat' dir='ltr'>exploratiorque</span> <span class='ocrx_word' id='word_1_148' title='bbox 1079 1158 1261 1197; x_wconf 89' lang='lat' dir='ltr'>militum</span> <span class='ocrx_word' id='word_1_149' title='bbox 1288 1155 1487 1196; x_wconf 79' lang='lat' dir='ltr'>securitas</span> 
     </span>
    </p>

    <p class='ocr_par' dir='ltr' id='par_1_6' title="bbox 100 1215 1488 1269">
     <span class='ocr_line' id='line_1_20' title="bbox 100 1215 1488 1269; baseline -0.012 -1"><span class='ocrx_word' id='word_1_150' title='bbox 100 1238 142 1268; x_wconf 83' lang='grc'>18</span> <span class='ocrx_word' id='word_1_151' title='bbox 158 1230 199 1267; x_wconf 92' lang='lat' dir='ltr'>et</span> <span class='ocrx_word' id='word_1_152' title='bbox 233 1226 436 1266; x_wconf 84' lang='lat' dir='ltr'>alacritas.</span> <span class='ocrx_word' id='word_1_153' title='bbox 500 1222 624 1262; x_wconf 67' lang='lat' dir='ltr'>‘Nam</span> <span class='ocrx_word' id='word_1_154' title='bbox 658 1218 929 1261; x_wconf 76' lang='lat' dir='ltr'>diffidentiae&#39;</span> <span class='ocrx_word' id='word_1_155' title='bbox 962 1217 1100 1269; x_wconf 87' lang='lat' dir='ltr'>inquit</span> <span class='ocrx_word' id='word_1_156' title='bbox 1132 1216 1188 1256; x_wconf 61' lang='lat' dir='ltr'>eet</span> <span class='ocrx_word' id='word_1_157' title='bbox 1219 1215 1362 1255; x_wconf 89' lang='lat' dir='ltr'>timori</span> <span class='ocrx_word' id='word_1_158' title='bbox 1393 1227 1488 1254; x_wconf 88' lang='lat' dir='ltr'>cum</span> 
     </span>
    </p>
   </div>
   <div class='ocr_carea' id='block_1_3' title="bbox 157 1271 1523 1340">
    <p class='ocr_par' dir='ltr' id='par_1_7' title="bbox 157 1271 1523 1340">
     <span class='ocr_line' id='line_1_21' title="bbox 157 1271 1523 1340; baseline -0.011 -14"><span class='ocrx_word' id='word_1_159' title='bbox 157 1285 416 1340; x_wconf 83' lang='lat' dir='ltr'>ingressione</span> <span class='ocrx_word' id='word_1_160' title='bbox 459 1280 749 1322; x_wconf 84' lang='lat' dir='ltr'>huiuscemodi</span> <span class='ocrx_word' id='word_1_161' title='bbox 795 1278 967 1317; x_wconf 88' lang='lat' dir='ltr'>minime</span> <span class='ocrx_word' id='word_1_162' title='bbox 1006 1275 1219 1326; x_wconf 82' lang='lat' dir='ltr'>convenit,</span> <span class='ocrx_word' id='word_1_163' title='bbox 1263 1276 1303 1313; x_wconf 90' lang='lat' dir='ltr'>et</span> <span class='ocrx_word' id='word_1_164' title='bbox 1341 1271 1488 1312; x_wconf 87' lang='lat' dir='ltr'>maesti</span> <span class='ocrx_word' id='word_1_165' title='bbox 1509 1288 1523 1312; x_wconf 68' lang='grc' dir='ltr'>ε»</span> 
     </span>
    </p>
   </div>
   <div class='ocr_carea' id='block_1_4' title="bbox 102 1331 1491 1570">
    <p class='ocr_par' dir='ltr' id='par_1_8' title="bbox 102 1331 1491 1570">
     <span class='ocr_line' id='line_1_22' title="bbox 159 1331 1489 1396; baseline -0.012 -11"><span class='ocrx_word' id='word_1_166' title='bbox 159 1347 285 1396; x_wconf 91' lang='lat' dir='ltr'>atque</span> <span class='ocrx_word' id='word_1_167' title='bbox 316 1341 590 1383; x_wconf 80' lang='lat' dir='ltr'>formidantes</span> <span class='ocrx_word' id='word_1_168' title='bbox 622 1339 674 1379; x_wconf 91' lang='lat' dir='ltr'>ab</span> <span class='ocrx_word' id='word_1_169' title='bbox 700 1338 779 1377; x_wconf 87' lang='lat' dir='ltr'>hac</span> <span class='ocrx_word' id='word_1_170' title='bbox 804 1340 890 1376; x_wconf 88' lang='lat' dir='ltr'>tam</span> <span class='ocrx_word' id='word_1_171' title='bbox 917 1334 1124 1387; x_wconf 87' lang='lat' dir='ltr'>intrepida</span> <span class='ocrx_word' id='word_1_172' title='bbox 1156 1347 1203 1373; x_wconf 83' lang='lat' dir='ltr'>ac</span> <span class='ocrx_word' id='word_1_173' title='bbox 1228 1335 1314 1372; x_wconf 87' lang='lat' dir='ltr'>tam</span> <span class='ocrx_word' id='word_1_174' title='bbox 1341 1331 1489 1371; x_wconf 85' lang='lat' dir='ltr'>decora</span> 
     </span>
     <span class='ocr_line' id='line_1_23' title="bbox 102 1388 1491 1444; baseline -0.012 0"><span class='ocrx_word' id='word_1_175' title='bbox 102 1414 145 1444; x_wconf 83' lang='lat'>19</span> <span class='ocrx_word' id='word_1_176' title='bbox 160 1401 379 1444; x_wconf 90' lang='lat' dir='ltr'>incedendi</span> <span class='ocrx_word' id='word_1_177' title='bbox 410 1399 696 1440; x_wconf 84' lang='lat' dir='ltr'>modulatione</span> <span class='ocrx_word' id='word_1_178' title='bbox 728 1396 854 1436; x_wconf 88' lang='lat' dir='ltr'>alieni</span> <span class='ocrx_word' id='word_1_179' title='bbox 880 1393 1003 1434; x_wconf 80' lang='lat' dir='ltr'>sunt’</span> <span class='ocrx_word' id='word_1_180' title='bbox 1058 1391 1199 1432; x_wconf 86' lang='lat' dir='ltr'>Verba</span> <span class='ocrx_word' id='word_1_181' title='bbox 1224 1404 1356 1443; x_wconf 85' lang='lat' dir='ltr'>pauca</span> <span class='ocrx_word' id='word_1_182' title='bbox 1381 1388 1491 1429; x_wconf 90' lang='lat' dir='ltr'>Ari-</span> 
     </span>
     <span class='ocr_line' id='line_1_24' title="bbox 161 1449 1491 1511; baseline -0.011 -9"><span class='ocrx_word' id='word_1_183' title='bbox 161 1460 364 1502; x_wconf 88' lang='lat' dir='ltr'>stotelis</span> <span class='ocrx_word' id='word_1_184' title='bbox 397 1473 521 1511; x_wconf 88' lang='lat' dir='ltr'>super</span> <span class='ocrx_word' id='word_1_185' title='bbox 552 1472 599 1497; x_wconf 83' lang='lat' dir='ltr'>ea</span> <span class='ocrx_word' id='word_1_186' title='bbox 631 1471 673 1496; x_wconf 88' lang='lat' dir='ltr'>re</span> <span class='ocrx_word' id='word_1_187' title='bbox 703 1453 898 1508; x_wconf 86' lang='lat' dir='ltr'>apposui:</span> <span class='ocrx_word' id='word_1_188' title='bbox 930 1451 1030 1492; x_wconf 83' lang='grc' dir='ltr'>Διὰ</span> <span class='ocrx_word' id='word_1_189' title='bbox 1056 1453 1122 1502; x_wconf 72' lang='grc' dir='ltr'>τί,</span> <span class='ocrx_word' id='word_1_190' title='bbox 1150 1449 1256 1490; x_wconf 81' lang='grc' dir='ltr'><em>ἐπει</em></span> <span class='ocrx_word' id='word_1_191' title='bbox 1267 1449 1359 1489; x_wconf 79' lang='grc' dir='ltr'>δὰν</span> <span class='ocrx_word' id='word_1_192' title='bbox 1384 1463 1491 1488; x_wconf 80' lang='grc' dir='ltr'><em>κιν-</em></span> 
     </span>
     <span class='ocr_line' id='line_1_25' title="bbox 163 1507 1491 1570; baseline -0.012 -9"><span class='ocrx_word' id='word_1_193' title='bbox 163 1519 405 1560; x_wconf 82' lang='grc' dir='ltr'><em>δυνεύειν</em></span> <span class='ocrx_word' id='word_1_194' title='bbox 449 1515 721 1570; x_wconf 71' lang='grc' dir='ltr'><em>μέλλωσιν,</em></span> <span class='ocrx_word' id='word_1_195' title='bbox 767 1512 891 1566; x_wconf 70' lang='grc' dir='ltr'>πρὸς</span> <span class='ocrx_word' id='word_1_196' title='bbox 935 1510 1092 1550; x_wconf 79' lang='grc' dir='ltr'><em>αὐλὸν</em></span> <span class='ocrx_word' id='word_1_197' title='bbox 1134 1507 1491 1561; x_wconf 75' lang='grc' dir='ltr'><em>ἐμβαίνουσινς</em></span> 
     </span>
    </p>
   </div>
   <div class='ocr_carea' id='block_1_5' title="bbox 162 1567 1525 1626">
    <p class='ocr_par' dir='ltr' id='par_1_9' title="bbox 162 1567 1525 1626">
     <span class='ocr_line' id='line_1_26' title="bbox 162 1567 1525 1626; baseline -0.011 -7"><span class='ocrx_word' id='word_1_198' title='bbox 162 1579 246 1619; x_wconf 77' lang='grc' dir='ltr'>ἵνα</span> <span class='ocrx_word' id='word_1_199' title='bbox 266 1579 385 1624; x_wconf 76' lang='grc' dir='ltr'><strong><em>τοὺς</em></strong></span> <span class='ocrx_word' id='word_1_200' title='bbox 405 1575 608 1622; x_wconf 78' lang='grc' dir='ltr'><em>δειλοὺς</em></span> <span class='ocrx_word' id='word_1_201' title='bbox 629 1572 1050 1626; x_wconf 74' lang='grc' dir='ltr'><em>ἀσχημονοῦντας</em></span> <span class='ocrx_word' id='word_1_202' title='bbox 1070 1567 1404 1620; x_wconf 78' lang='grc' dir='ltr'><em>γινώσκωσιν.</em></span> <span class='ocrx_word' id='word_1_203' title='bbox 1422 1578 1487 1602; x_wconf 55' lang='lat' dir='ltr'>*2*ss</span> <span class='ocrx_word' id='word_1_204' title='bbox 1511 1581 1525 1604; x_wconf 66' lang='lat'><em>2</em></span> 
     </span>
    </p>
   </div>
   <div class='ocr_carea' id='block_1_6' title="bbox 791 1698 871 1740">
    <p class='ocr_par' dir='ltr' id='par_1_10' title="bbox 791 1698 871 1740">
     <span class='ocr_line' id='line_1_27' title="bbox 791 1698 871 1740; baseline -0.013 0"><span class='ocrx_word' id='word_1_205' title='bbox 791 1698 871 1740; x_wconf 82' lang='lat' dir='ltr'>XII</span> 
     </span>
    </p>
   </div>
   <div class='ocr_carea' id='block_1_7' title="bbox 164 1772 1496 2015">
    <p class='ocr_par' dir='ltr' id='par_1_11' title="bbox 164 1772 1496 2015">
     <span class='ocr_line' id='line_1_28' title="bbox 164 1772 1496 1830; baseline -0.011 -11"><span class='ocrx_word' id='word_1_206' title='bbox 164 1786 278 1830; x_wconf 88' lang='lat' dir='ltr'>Virgo</span> <span class='ocrx_word' id='word_1_207' title='bbox 301 1784 435 1818; x_wconf 84' lang='lat' dir='ltr'>Vestae</span> <span class='ocrx_word' id='word_1_208' title='bbox 455 1783 545 1827; x_wconf 85' lang='lat' dir='ltr'>quid</span> <span class='ocrx_word' id='word_1_209' title='bbox 571 1781 704 1815; x_wconf 78' lang='lat' dir='ltr'>aetatis</span> <span class='ocrx_word' id='word_1_210' title='bbox 730 1781 767 1814; x_wconf 90' lang='lat' dir='ltr'>et</span> <span class='ocrx_word' id='word_1_211' title='bbox 793 1791 837 1813; x_wconf 72' lang='lat' dir='ltr'>ex</span> <span class='ocrx_word' id='word_1_212' title='bbox 862 1777 963 1822; x_wconf 86' lang='lat' dir='ltr'>quali</span> <span class='ocrx_word' id='word_1_213' title='bbox 989 1776 1132 1810; x_wconf 82' lang='lat' dir='ltr'>familia</span> <span class='ocrx_word' id='word_1_214' title='bbox 1158 1777 1194 1808; x_wconf 89' lang='lat' dir='ltr'>et</span> <span class='ocrx_word' id='word_1_215' title='bbox 1220 1785 1291 1818; x_wconf 89' lang='lat' dir='ltr'>quo</span> <span class='ocrx_word' id='word_1_216' title='bbox 1316 1773 1390 1807; x_wconf 84' lang='lat' dir='ltr'>ritu</span> <span class='ocrx_word' id='word_1_217' title='bbox 1416 1772 1496 1815; x_wconf 88' lang='lat' dir='ltr'>qui-</span> 
     </span>
     <span class='ocr_line' id='line_1_29' title="bbox 211 1819 1495 1874; baseline -0.011 -8"><span class='ocrx_word' id='word_1_218' title='bbox 211 1833 353 1874; x_wconf 79' lang='lat' dir='ltr'>busque</span> <span class='ocrx_word' id='word_1_219' title='bbox 385 1829 616 1864; x_wconf 80' lang='lat' dir='ltr'>caerimoniis</span> <span class='ocrx_word' id='word_1_220' title='bbox 649 1829 685 1862; x_wconf 92' lang='lat' dir='ltr'>et</span> <span class='ocrx_word' id='word_1_221' title='bbox 715 1825 957 1871; x_wconf 82' lang='lat' dir='ltr'>religionibus</span> <span class='ocrx_word' id='word_1_222' title='bbox 990 1834 1033 1857; x_wconf 87' lang='lat' dir='ltr'>ac</span> <span class='ocrx_word' id='word_1_223' title='bbox 1059 1834 1130 1866; x_wconf 86' lang='lat' dir='ltr'>quo</span> <span class='ocrx_word' id='word_1_224' title='bbox 1156 1822 1302 1856; x_wconf 87' lang='lat' dir='ltr'>nomine</span> <span class='ocrx_word' id='word_1_225' title='bbox 1328 1831 1349 1853; x_wconf 95' lang='lat' dir='ltr'>a</span> <span class='ocrx_word' id='word_1_226' title='bbox 1374 1819 1495 1864; x_wconf 87' lang='lat' dir='ltr'>ponti-</span> 
     </span>
     <span class='ocr_line' id='line_1_30' title="bbox 212 1865 1496 1919; baseline -0.01 -7"><span class='ocrx_word' id='word_1_227' title='bbox 212 1880 279 1912; x_wconf 87' lang='lat' dir='ltr'>fice</span> <span class='ocrx_word' id='word_1_228' title='bbox 305 1877 462 1911; x_wconf 80' lang='lat' dir='ltr'>maximo</span> <span class='ocrx_word' id='word_1_229' title='bbox 490 1876 660 1919; x_wconf 87' lang='lat' dir='ltr'>capiatur</span> <span class='ocrx_word' id='word_1_230' title='bbox 684 1875 722 1908; x_wconf 87' lang='lat' dir='ltr'>et</span> <span class='ocrx_word' id='word_1_231' title='bbox 746 1884 817 1917; x_wconf 84' lang='lat' dir='ltr'>quo</span> <span class='ocrx_word' id='word_1_232' title='bbox 845 1872 971 1906; x_wconf 85' lang='lat' dir='ltr'>statim</span> <span class='ocrx_word' id='word_1_233' title='bbox 995 1870 1073 1904; x_wconf 85' lang='lat' dir='ltr'>iure</span> <span class='ocrx_word' id='word_1_234' title='bbox 1096 1879 1174 1902; x_wconf 84' lang='lat' dir='ltr'>esse</span> <span class='ocrx_word' id='word_1_235' title='bbox 1193 1867 1359 1912; x_wconf 77' lang='lat' dir='ltr'>incipiat,</span> <span class='ocrx_word' id='word_1_236' title='bbox 1387 1865 1496 1900; x_wconf 82' lang='lat' dir='ltr'>simul</span> 
     </span>
     <span class='ocr_line' id='line_1_31' title="bbox 216 1913 1496 1968; baseline -0.01 -9"><span class='ocrx_word' id='word_1_237' title='bbox 216 1927 326 1968; x_wconf 84' lang='lat' dir='ltr'>atque</span> <span class='ocrx_word' id='word_1_238' title='bbox 352 1926 463 1967; x_wconf 85' lang='lat' dir='ltr'>capta</span> <span class='ocrx_word' id='word_1_239' title='bbox 489 1925 559 1965; x_wconf 73' lang='lat' dir='ltr'>est3</span> <span class='ocrx_word' id='word_1_240' title='bbox 587 1922 769 1965; x_wconf 67' lang='lat' dir='ltr'>quodque,</span> <span class='ocrx_word' id='word_1_241' title='bbox 795 1922 836 1953; x_wconf 90' lang='lat' dir='ltr'>ut</span> <span class='ocrx_word' id='word_1_242' title='bbox 861 1918 982 1952; x_wconf 81' lang='lat' dir='ltr'>Labeo</span> <span class='ocrx_word' id='word_1_243' title='bbox 1010 1916 1111 1958; x_wconf 72' lang='lat' dir='ltr'>dicit,</span> <span class='ocrx_word' id='word_1_244' title='bbox 1136 1926 1202 1949; x_wconf 88' lang='lat' dir='ltr'>nec</span> <span class='ocrx_word' id='word_1_245' title='bbox 1225 1915 1400 1948; x_wconf 85' lang='lat' dir='ltr'>intestato</span> <span class='ocrx_word' id='word_1_246' title='bbox 1422 1913 1496 1947; x_wconf 82' lang='lat' dir='ltr'>cui-</span> 
     </span>
     <span class='ocr_line' id='line_1_32' title="bbox 216 1963 1291 2015; baseline -0.011 -9"><span class='ocrx_word' id='word_1_247' title='bbox 216 1983 326 2015; x_wconf 87' lang='lat' dir='ltr'>quam</span> <span class='ocrx_word' id='word_1_248' title='bbox 351 1982 417 2005; x_wconf 88' lang='lat' dir='ltr'>nec</span> <span class='ocrx_word' id='word_1_249' title='bbox 444 1971 521 2004; x_wconf 88' lang='lat' dir='ltr'>eius</span> <span class='ocrx_word' id='word_1_250' title='bbox 547 1969 747 2003; x_wconf 82' lang='lat' dir='ltr'>intestatae</span> <span class='ocrx_word' id='word_1_251' title='bbox 773 1966 967 2011; x_wconf 84' lang='lat' dir='ltr'>quisquam</span> <span class='ocrx_word' id='word_1_252' title='bbox 994 1964 1071 1997; x_wconf 88' lang='lat' dir='ltr'>iure</span> <span class='ocrx_word' id='word_1_253' title='bbox 1096 1963 1200 1996; x_wconf 85' lang='lat' dir='ltr'>heres</span> <span class='ocrx_word' id='word_1_254' title='bbox 1227 1963 1291 1995; x_wconf 88' lang='lat' dir='ltr'>est.</span> 
     </span>
    </p>
   </div>
   <div class='ocr_carea' id='block_1_8' title="bbox 136 2044 1497 2169">
    <p class='ocr_par' dir='ltr' id='par_1_12' title="bbox 136 2044 1497 2169">
     <span class='ocr_line' id='line_1_33' title="bbox 136 2044 1497 2107; baseline -0.01 -11"><span class='ocrx_word' id='word_1_255' title='bbox 136 2068 153 2097; x_wconf 85' lang='lat'>1</span> <span class='ocrx_word' id='word_1_256' title='bbox 259 2055 339 2104; x_wconf 77' lang='lat' dir='ltr'>Qui</span> <span class='ocrx_word' id='word_1_257' title='bbox 377 2055 425 2094; x_wconf 89' lang='lat' dir='ltr'>de</span> <span class='ocrx_word' id='word_1_258' title='bbox 461 2054 622 2107; x_wconf 81' lang='lat' dir='ltr'>virgine</span> <span class='ocrx_word' id='word_1_259' title='bbox 655 2051 854 2105; x_wconf 84' lang='lat' dir='ltr'>capienda</span> <span class='ocrx_word' id='word_1_260' title='bbox 887 2049 1159 2101; x_wconf 79' lang='lat' dir='ltr'>scripserunt,</span> <span class='ocrx_word' id='word_1_261' title='bbox 1197 2059 1374 2098; x_wconf 86' lang='lat' dir='ltr'>quorum</span> <span class='ocrx_word' id='word_1_262' title='bbox 1408 2044 1497 2084; x_wconf 85' lang='lat' dir='ltr'>dili-</span> 
     </span>
     <span class='ocr_line' id='line_1_34' title="bbox 171 2104 1497 2169; baseline -0.01 -15"><span class='ocrx_word' id='word_1_263' title='bbox 171 2113 413 2169; x_wconf 80' lang='lat' dir='ltr'>gentissime</span> <span class='ocrx_word' id='word_1_264' title='bbox 458 2112 623 2165; x_wconf 84' lang='lat' dir='ltr'>scripsit</span> <span class='ocrx_word' id='word_1_265' title='bbox 661 2110 823 2151; x_wconf 88' lang='lat' dir='ltr'>Labeo</span> <span class='ocrx_word' id='word_1_266' title='bbox 862 2107 1117 2147; x_wconf 88' lang='lat' dir='ltr'>Antistius</span> <span class='ocrx_word' id='word_1_267' title='bbox 1161 2105 1226 2157; x_wconf 80' lang='lat' dir='ltr'>(de</span> <span class='ocrx_word' id='word_1_268' title='bbox 1269 2104 1356 2143; x_wconf 73' lang='lat' dir='ltr'>iure</span> <span class='ocrx_word' id='word_1_269' title='bbox 1386 2105 1497 2154; x_wconf 73' lang='lat' dir='ltr'>pont.</span> 
     </span>
    </p>
   </div>
   <div class='ocr_carea' id='block_1_9' title="bbox 174 2227 1501 2330">
    <p class='ocr_par' dir='ltr' id='par_1_13' title="bbox 174 2227 1501 2330">
     <span class='ocr_line' id='line_1_35' title="bbox 266 2227 1500 2282; baseline -0.011 -8"><span class='ocrx_word' id='word_1_270' title='bbox 266 2244 287 2273; x_wconf 83' lang='lat'>4</span> <span class='ocrx_word' id='word_1_271' title='bbox 302 2239 434 2274; x_wconf 79' lang='lat' dir='ltr'>creatis</span> <span class='ocrx_word' id='word_1_272' title='bbox 445 2243 469 2272; x_wconf 83' lang='lat' dir='ltr'>P</span> <span class='ocrx_word' id='word_1_273' title='bbox 502 2242 519 2272; x_wconf 76' lang='lat'><strong>7</strong></span> <span class='ocrx_word' id='word_1_274' title='bbox 536 2237 743 2282; x_wconf 77' lang='lat' dir='ltr'>apposuitP</span> <span class='ocrx_word' id='word_1_275' title='bbox 753 2236 764 2281; x_wconf 66' lang='grc' dir='ltr'>Η</span> <span class='ocrx_word' id='word_1_276' title='bbox 776 2239 818 2269; x_wconf 88' lang='grc'>10</span> <span class='ocrx_word' id='word_1_277' title='bbox 833 2233 1030 2268; x_wconf 83' lang='lat' dir='ltr'>eburneola</span> <span class='ocrx_word' id='word_1_278' title='bbox 1046 2231 1136 2277; x_wconf 54' lang='grc' dir='ltr'>018.ξῇ</span> <span class='ocrx_word' id='word_1_279' title='bbox 1150 2234 1190 2264; x_wconf 84' lang='lat'>13</span> <span class='ocrx_word' id='word_1_280' title='bbox 1205 2240 1276 2273; x_wconf 89' lang='lat' dir='ltr'>quo</span> <span class='ocrx_word' id='word_1_281' title='bbox 1289 2229 1395 2262; x_wconf 90' lang='lat' dir='ltr'>illum</span> <span class='ocrx_word' id='word_1_282' title='bbox 1408 2229 1477 2263; x_wconf 57' lang='lat' dir='ltr'>Cic.</span> <span class='ocrx_word' id='word_1_283' title='bbox 1488 2227 1500 2272; x_wconf 65' lang='grc' dir='ltr'>ξΙ</span> 
     </span>
     <span class='ocr_line' id='line_1_36' title="bbox 174 2275 1501 2330; baseline -0.011 -8"><span class='ocrx_word' id='word_1_284' title='bbox 174 2292 217 2322; x_wconf 81' lang='lat'>28</span> <span class='ocrx_word' id='word_1_285' title='bbox 244 2298 287 2321; x_wconf 84' lang='lat' dir='ltr'>ac</span> <span class='ocrx_word' id='word_1_286' title='bbox 313 2286 528 2330; x_wconf 83' lang='lat' dir='ltr'>cognomine</span> <span class='ocrx_word' id='word_1_287' title='bbox 551 2300 578 2319; x_wconf 92' lang='grc' dir='ltr'>ω</span> <span class='ocrx_word' id='word_1_288' title='bbox 604 2295 692 2319; x_wconf 75' lang='lat' dir='ltr'>corr.</span> <span class='ocrx_word' id='word_1_289' title='bbox 716 2281 866 2327; x_wconf 52' lang='lat' dir='ltr'>Carrion</span> <span class='ocrx_word' id='word_1_290' title='bbox 881 2285 922 2315; x_wconf 85' lang='lat'>31</span> <span class='ocrx_word' id='word_1_291' title='bbox 949 2281 1031 2322; x_wconf 70' lang='lat' dir='ltr'>fort.</span> <span class='ocrx_word' id='word_1_292' title='bbox 1053 2279 1109 2325; x_wconf 67' lang='lat' dir='ltr'>eis!</span> <span class='ocrx_word' id='word_1_293' title='bbox 1124 2282 1166 2312; x_wconf 78' lang='lat'>32</span> <span class='ocrx_word' id='word_1_294' title='bbox 1194 2275 1451 2319; x_wconf 83' lang='lat' dir='ltr'>antiquisimus</span> <span class='ocrx_word' id='word_1_295' title='bbox 1471 2277 1501 2307; x_wconf 82' lang='lat' dir='ltr'>R.</span> 
     </span>
    </p>
   </div>
   <div class='ocr_carea' id='block_1_10' title="bbox 1515 410 1529 434">
    <p class='ocr_par' dir='ltr' id='par_1_14' title="bbox 1515 410 1529 434">
     <span class='ocr_line' id='line_1_37' title="bbox 1515 410 1529 434; textangle 90"><span class='ocrx_word' id='word_1_296' title='bbox 1515 410 1529 434; x_wconf 57' lang='lat' dir='ltr'>&lt;ss</span> 
     </span>
    </p>
   </div>
   <div class='ocr_carea' id='block_1_11' title="bbox 1501 703 1534 727">
    <p class='ocr_par' dir='ltr' id='par_1_15' title="bbox 1501 703 1534 727">
     <span class='ocr_line' id='line_1_38' title="bbox 1501 703 1534 727; baseline 0 0"><span class='ocrx_word' id='word_1_297' title='bbox 1501 703 1534 727; x_wconf 79' lang='lat'>10</span> 
     </span>
    </p>
   </div>
   <div class='ocr_carea' id='block_1_12' title="bbox 1505 995 1537 1020">
    <p class='ocr_par' dir='ltr' id='par_1_16' title="bbox 1505 995 1537 1020">
     <span class='ocr_line' id='line_1_39' title="bbox 1505 995 1537 1020; baseline 0 0"><span class='ocrx_word' id='word_1_298' title='bbox 1505 995 1537 1020; x_wconf 84' lang='lat'>15</span> 
     </span>
    </p>
   </div>
   <div class='ocr_carea' id='block_1_13' title="bbox 1516 1921 1549 1945">
    <p class='ocr_par' dir='ltr' id='par_1_17' title="bbox 1516 1921 1549 1945">
     <span class='ocr_line' id='line_1_40' title="bbox 1516 1921 1549 1945; baseline -0.03 0"><span class='ocrx_word' id='word_1_299' title='bbox 1516 1921 1549 1945; x_wconf 80' lang='lat'>30</span> 
     </span>
    </p>
   </div>
  </div>
 </body>
</html>
