1611 2474
187 77 273 118 290
745 77 811 111 VH
837 77 912 123 (VI)
940 81 958 111 6

154 184 272 225 &Cur
309 188 448 228 autem
484 199 569 225 non
601 183 646 232 Q.
681 199 849 238 quoque
880 184 1093 224 Ennium
1126 185 1410 238 reprehendit,
1448 186 1521 238 qui

189 244 233 284 in
265 244 531 284 annalibus
558 257 642 283 non
668 257 825 296 pennas
851 242 1038 295 Daedali,
1068 244 1141 284 sed
1166 243 1291 297 longe
1318 244 1520 285 diversius

191 305 290 355 (215
306 302 367 342 M.
389 305 472 342 2573
486 301 574 355 BQ:

248 383 573 424 Brundisium
613 383 750 436 inquit
789 382 963 436 pulcro
1002 384 1344 436 praecinctum
1383 398 1521 437 prae-

960 445 1071 495 pete
1104 443 1281 495 portu?
1558 461 1573 486 5

155 535 171 564 7
190 522 262 564 Set
317 524 351 564 si
401 523 487 564 vim
537 524 678 576 potius
728 526 1004 576 naturamque
1054 523 1169 564 verbi
1221 525 1523 564 considerasset

189 596 324 635 neque
369 582 410 622 id
449 582 604 634 solum,
648 582 760 634 quod
799 597 976 637 augures
1016 583 1217 635 dicerent,
1262 584 1523 636 inspexisset,

189 641 353 681 veniam
407 655 578 694 prorsus
628 642 763 693 poetis
815 640 930 681 daret
979 641 1253 681 similitudine
1303 644 1343 681 et
1391 644 1522 682 trans-

190 698 347 740 latione
379 700 615 752 verborum,
647 714 732 739 non
764 700 1071 753 significatione
1101 700 1271 753 propria
1296 700 1522 740 utentibus.

156 757 300 798 sNam
334 758 532 810 quoniam
564 772 650 798 non
682 759 796 811 ipsae
822 760 985 798 tantum
1012 772 1120 810 aves,
1152 772 1258 811 quae
1283 759 1523 812 prosperius
1544 777 1577 802 10

190 817 453 870 praevolant,
491 817 562 857 sed
593 817 719 857 etiam
751 816 851 869 loci,
883 830 988 869 quos
1021 817 1209 870 capiunt,
1242 817 1354 870 quod
1386 817 1524 857 idonei

190 876 416 927 felicesque
443 878 552 928 sunt,
586 875 833 928 ‘praepetes’
862 875 1139 928 appellantur,
1171 876 1323 915 idcirco
1349 875 1523 916 Daedali

191 948 350 987 pennas
384 934 631 987 ‘praepetes’
666 934 789 985 dixit,
828 934 1026 986 quoniam
1059 948 1109 973 ex
1140 934 1262 986 locis,
1296 935 1339 974 in
1372 934 1524 987 quibus

158 1004 176 1032 9
192 992 426 1046 periculum
453 992 678 1044 metuebat,
710 993 752 1032 in
778 992 870 1032 loca
896 993 1054 1032 tutiora
1079 996 1335 1045 pervenerat.
1390 993 1524 1032 Locos

192 1065 316 1104 porro
352 1051 598 1104 ‘praepetes'
633 1053 674 1091 et
706 1065 884 1105 augures
917 1051 1150 1104 appellant,
1187 1054 1228 1091 et
1259 1051 1449 1091 Ennius
1482 1052 1525 1090 in
1546 1069 1577 1094 15

193 1110 446 1150 annalium
480 1110 640 1163 primo
673 1109 778 1149 dixit
811 1113 882 1157 (91
898 1110 961 1149 M.
981 1111 1044 1162 55,
1064 1109 1219 1155 111B.):

366 1191 691 1244 praepetibus
725 1205 831 1231 sese
863 1191 1206 1244 pulcris<que>
1238 1192 1364 1232 locis
1397 1192 1525 1231 dant.

137 1285 179 1315 10
282 1272 445 1313 Avibus
495 1276 635 1313 autem
687 1273 985 1326 epraepetibus’
1038 1274 1266 1314 contrarias
1311 1288 1406 1314 aves
1452 1273 1525 1313 ‘in-

192 1332 315 1372 feras'
355 1332 558 1385 appellari
595 1331 833 1385 Nigidius
865 1331 1075 1387 Figulus
1115 1332 1157 1372 in
1194 1332 1326 1372 libro
1366 1332 1525 1385 primo

194 1391 392 1445 augurii
437 1391 625 1443 privati
667 1391 727 1430 ita
770 1391 871 1430 dicit
914 1392 984 1443 (fr.
1018 1395 1071 1431 &0
1098 1390 1214 1443 Su·.):
1258 1390 1526 1443 Discrepat
1545 1408 1579 1432 20

138 1450 370 1490 ndextra
413 1450 668 1501 sinistrae,
712 1464 920 1502 praepes
964 1450 1165 1490 inferae.
1233 1448 1297 1489 Ex
1342 1463 1424 1502 quo
1464 1451 1526 1488 est

196 1508 428 1548 coniectare
456 1507 703 1560 ‘praepetes'
732 1508 975 1560 appellatas,
1002 1522 1108 1560 quae
1133 1508 1259 1547 altius
1287 1507 1524 1548 sublimius—

195 1580 275 1619 que
316 1566 510 1618 volitent,
556 1580 649 1605 cum
689 1566 852 1606 differre
890 1581 913 1606 a
951 1566 1249 1619 ‘praepetibus'
1287 1564 1524 1620 Nigidius

199 1624 382 1665 ‘inferas’
417 1625 577 1664 dixerit.

139 1694 179 1724 1⁴2
282 1682 539 1723 Adulescens
579 1697 656 1737 ego
695 1682 872 1735 Romae,
912 1697 1006 1723 eum
1045 1683 1264 1723 etiamtum
1303 1683 1354 1722 ad
1391 1697 1525 1736 gram-
1546 1699 1578 1725 25

195 1742 372 1782 maticos
423 1742 588 1793 itarem,
641 1741 780 1781 audivi
831 1741 1177 1795 Apollinarem
1229 1739 1526 1794 Sulpicium,

197 1815 320 1853 quem
353 1801 544 1853 inprimis
578 1800 784 1852 sectabar,
822 1814 915 1840 cum
950 1800 999 1840 de
1030 1801 1119 1840 iure
1151 1800 1327 1854 augurio
1361 1813 1526 1852 quaere-

196 1861 310 1899 retur
341 1861 382 1898 et
413 1859 570 1898 mentio
605 1859 879 1911 ‘praepetum’
914 1859 1052 1898 avium
1085 1859 1195 1898 facta
1221 1860 1339 1910 esset,
1370 1857 1525 1897 Erucio

199 1916 320 1957 Claro
354 1917 562 1970 praefecto
595 1917 689 1957 urbi
722 1917 857 1957 dicere
890 1917 1136 1970 ‘praepetes'
1171 1917 1251 1957 sibi
1276 1916 1407 1956 videri
1439 1930 1527 1956 esse

291 2047 333 2076 22
367 2043 462 2077 Serv.
489 2043 529 2076 A.
558 2043 608 2076 HI
634 2047 697 2076 361
733 2043 826 2077 GLK
851 2043 883 2076 Π
905 2047 981 2086 156,
1006 2047 1046 2077 19
1072 2043 1171 2077 Lact.
1194 2042 1283 2076 Stat.
1305 2042 1369 2076 Th.
1390 2042 1439 2075 IX
1461 2045 1525 2075 122

291 2164 311 2192 4
332 2159 453 2202 inquit
474 2161 608 2194 Vahlen
628 2160 717 2203 quid
736 2164 764 2193 V
784 2162 795 2204 Η
816 2164 834 2193 5
848 2171 896 2204 sq.
917 2162 1054 2204 portus.
1088 2160 1135 2193 Et
1150 2163 1179 2192 V
1198 2160 1343 2204 portust
1364 2159 1497 2193 Vahlen
1516 2160 1527 2203 Η

199 2211 218 2240 8
251 2207 302 2251 et]
330 2218 350 2243 ς
383 2217 445 2241 om.
473 2210 501 2239 V
529 2208 540 2250 Η
570 2210 610 2240 17
643 2207 853 2251 pulcrisque
881 2208 949 2242 Cic.
977 2207 1048 2241 div.
1075 2208 1099 2240 Ι
1120 2210 1179 2249 48,
1205 2209 1276 2240 108
1306 2205 1442 2250 pulcris
1470 2209 1496 2238 V
1516 2207 1527 2249 ss

199 2257 241 2287 21
268 2254 461 2296 praepetes
480 2256 509 2285 V
534 2264 621 2288 corr.
643 2255 745 2288 Jum‘..
772 2253 1008 2297 praepetibus
1035 2265 1054 2287 6
1079 2255 1089 2297 Η
1115 2257 1157 2287 28
1184 2252 1321 2287 factam
1347 2263 1425 2287 esse
1450 2252 1497 2285 V¹
1520 2253 1524 2297 Ι

199 2299 316 2335 elucio
337 2304 365 2333 V
391 2311 478 2334 corr.
500 2300 651 2344 Lipsius
