1591 2474
140 52 272 86 XXXII
672 53 941 88 PRAEFATIO

141 177 303 215 parvam
341 166 446 202 vitae
478 164 724 215 Pythagorae
762 168 914 214 partem
952 178 996 202 ex
1028 166 1220 205 Favorino
1253 170 1474 218 assumpsit,

141 225 249 261 cuius
281 224 356 260 duo
389 224 621 273 gravissima
650 235 768 272 opera
792 225 970 261 nominat
995 224 1018 272 ξ
1049 227 1118 271 12;
1150 227 1217 263 cfr.
1247 227 1297 264 15
1325 229 1374 274 et,
1407 228 1475 265 ubi

142 283 187 319 de
219 283 462 330 homonymis
495 283 636 331 agitur⁷
670 283 722 318 25
750 280 843 333 (473
871 280 954 331 48).
1012 282 1108 320 Cum
1133 284 1326 322 Favorino
1352 298 1474 335 paene

141 343 367 379 coniunctus
400 340 544 390 legitur
569 340 824 378 Aristoxenus
854 342 904 378 15
933 336 1005 393 (15
1022 337 1109 394 sq.)
1142 343 1208 380 ubi
1239 345 1379 382 tertius
1410 345 1474 382 ad-

141 402 220 437 stat
245 399 486 455 Xenophilus
518 399 594 435 ille.
650 399 926 437 Aristoxenum
951 401 1119 451 Diogeni
1144 415 1212 450 per
1238 402 1475 441 Favorinum

141 459 355 496 innotuisse
403 458 480 494 alio
525 458 700 507 exemplo
744 459 839 496 satis
883 459 1099 497 luculenter
1141 461 1293 498 ostendi
1334 465 1473 511 potest.

141 518 253 567 Diog.
286 517 345 553 III
379 518 430 553 21
467 510 560 567 (37)
606 519 814 565 postquam
858 518 1050 555 Favmino
1095 521 1251 557 auctore
1294 532 1384 558 usus
1428 521 1474 558 de

141 576 303 613 Platone
336 575 541 612 Aristoteli
577 575 766 613 recitante
803 577 921 613 verba
952 577 1061 624 fecit,
1099 579 1244 627 pergit.
1281 579 1475 617 πολιτείαν

136 629 393 684 Αριστόξενός
437 644 534 683 φησι
576 639 706 672 πᾶσαν
748 633 882 684 σχεδὸν
919 633 960 673 ἐν
998 639 1076 681 τοῖς
1114 635 1376 687 Πρωταγόρου
1413 652 1473 688 γε-

140 692 318 744 γράφθαι
342 690 616 743 ἀντιλογικοῖςς
648 693 751 730 idem
776 695 926 742 profert
953 695 1004 732 35
1033 690 1126 746 (57)
1154 689 1383 747 (πολιτείαν)
1410 695 1472 734 καὶ

140 750 387 801 εὑρίσκεσθαι
419 750 553 800 σχεδὸν
585 750 680 801 ὅλην
710 750 814 802 παρὰ
840 752 1080 806 Πρωταγόρᾳ
1111 752 1153 791 ἐν
1181 756 1260 800 τοῖς
1285 752 1473 805 ἀντιλογι-

141 813 223 855 κοῖς
249 821 346 858 φησι
373 810 604 860 Φαβωρῖνος
629 809 670 848 ἐν
695 810 946 861 παντοδαπῆς
972 811 1138 862 ἱστορίας
1164 811 1335 866 δευτέρῳ.
1386 814 1473 851 Νο11

141 880 222 907 esse
265 871 475 916 utrumque
519 871 701 916 ascitum,
746 870 811 907 sed
849 870 1087 908 Favorinum
1124 871 1292 921 Diogeni
1335 885 1473 910 nomen

140 928 365 965 Aristoxeni
391 928 659 977 suppeditasse
685 930 764 965 iam
789 941 835 965 ex
861 932 1044 967 accurata
1063 931 1317 979 inscriptione
1338 931 1472 969 elucet.

140 986 287 1024 Eadem
318 999 376 1023 res
409 988 468 1024 est
499 986 544 1023 de
569 987 820 1034 Dicaearcho,
853 1001 967 1036 quem
999 991 1160 1026 exeunte
1189 990 1317 1037 capite
1342 1002 1381 1027 se
1408 990 1473 1027 ad-

139 1045 310 1083 hibuisse
342 1043 489 1083 Gellius
522 1059 614 1094 prae
646 1058 686 1083 se
717 1047 804 1093 fert,
836 1048 902 1084 cfr.
936 1047 1048 1084 illum
1080 1047 1184 1096 apud
1215 1048 1355 1085 Athen.
1381 1048 1474 1085 XIV

145 1107 192 1141 1
173 1107 194 1129 ³
225 1118 260 1152 p.
290 1097 394 1141 6)()(ἰ
424 1103 514 1150 τοὺς
545 1099 580 1141 δ’
606 1099 910 1154 Ἐμπεδοκλέους
941 1104 1170 1156 καθαρμοὺς
1201 1103 1474 1172 ἐρραψῴδησεν

136 1157 323 1212 Ὀλυμπία
327 1173 364 1199 σι
393 1160 611 1213 Κλεομένης
637 1160 656 1200 ὁ
682 1162 866 1216 ραψῳδός
892 1166 931 1201 et
956 1164 1192 1202 Favorinum
1217 1166 1257 1201 in
1284 1178 1473 1203 commen-

141 1223 252 1259 tariis
287 1222 391 1270 apud
424 1222 535 1272 Diog.
562 1222 660 1258 VIII
687 1224 723 1268 2
751 1223 774 1259 8
802 1217 896 1275 (63)
929 1221 1071 1268 αὐτοὺς
1103 1220 1143 1261 δὲ
1174 1223 1334 1269 τούτους
1366 1219 1472 1275 (Ἐμ-

140 1278 388 1331 πεδοκλέους)
427 1279 657 1331 καθαρμοὺς
688 1279 730 1318 ἐν
757 1276 946 1334 Ὀλυμπίᾳ
977 1281 1300 1335 ὁιαρραψῳδῆσαι
1330 1280 1470 1333 λέγεται

140 1337 366 1388 Κλεομένην
391 1338 458 1377 τὸν
482 1338 689 1392 ῥαψῳδόνς
716 1340 822 1377 vides
848 1341 1009 1377 eandem
1028 1353 1110 1377 rem
1130 1353 1153 1377 a
1172 1341 1319 1378 duobus
1339 1341 1473 1378 eodem

140 1397 254 1434 modo
273 1398 478 1445 tradita1113
499 1400 601 1435 certe
621 1398 723 1435 unde
740 1399 943 1448 Diogenes,
962 1398 1051 1436 inde
1068 1400 1187 1436 etiam
1200 1396 1471 1451 Athenaeus.¹)

140 1456 277 1505 Itaque
310 1458 349 1493 et
380 1457 611 1494 Plutarchus
622 1452 653 1508 2)
687 1459 726 1494 et
757 1457 1011 1495 Aristoxenus
1045 1459 1082 1495 et
1113 1457 1372 1496 Dicaearchus
1404 1471 1472 1496 nec

139 1528 215 1552 non
243 1514 386 1559 Cicero,
419 1517 527 1553 cuius
558 1516 744 1564 exemplis
776 1529 885 1554 suam
914 1516 1131 1554 doctrinam
1157 1530 1340 1554 exornare
1366 1520 1472 1555 amat

140 1574 248 1610 velut
278 1574 373 1610 XIII
402 1576 453 1611 25
487 1574 620 1611 XVIII
649 1576 684 1620 7,
719 1574 768 1611 ad
800 1575 1067 1613 Arelatensem
1099 1575 1260 1622 ducunt,
1293 1588 1408 1623 quem
1440 1577 1473 1613 si

141 1634 337 1670 auctorem
369 1633 657 1682 amplectimur,
693 1645 769 1670 non
801 1646 897 1682 opus
929 1636 987 1671 est
1018 1634 1112 1671 duos
1144 1634 1206 1671 vel
1236 1636 1314 1671 tres
1346 1635 1472 1672 fontes

140 1692 255 1728 huius
288 1692 427 1740 capitis
459 1704 609 1729 sumere
629 1713 685 1717 ——
710 1694 758 1729 12
794 1705 837 1728 ex
868 1691 1013 1730 Catone
1040 1688 1130 1744 (Me.
1153 1693 1234 1730 662
1262 1693 1332 1729 Ru.
1356 1688 1427 1742 13)
1438 1689 1469 1744 3)

144 1771 193 1775 ——
220 1752 272 1787 13
311 1747 385 1794 Qui
423 1764 467 1787 ex
499 1750 765 1799 Theophrasto
803 1751 874 1788 hoc
911 1753 1029 1800 caput
1066 1752 1312 1800 desumptum
1349 1754 1471 1800 putet,

141 1810 267 1856 specie
298 1810 330 1845 is
357 1810 546 1857 capiatur.
602 1809 811 1846 Paululum
836 1811 915 1847 iam
941 1810 1102 1847 offendit
1127 1809 1226 1847 liber
1251 1810 1472 1859 philosophi

140 1867 283 1904 allatus
316 1868 423 1904 nulla
455 1867 589 1904 addita
618 1869 882 1917 inscriptione.
943 1867 1067 1912 Quam
1099 1881 1185 1906 cum
1216 1868 1471 1917 supplendam

141 1938 221 1962 esse
248 1927 287 1961 in
315 1928 507 1974 apparatu
533 1927 668 1964 critico
694 1928 961 1976 proposuerim
987 1928 1169 1965 omissam
1195 1927 1326 1964 eodem
1346 1927 1471 1972 modo,

140 1997 216 2032 quo
248 1984 381 2032 paucis
414 1987 502 2033 post
532 1985 723 2033 versibus,
756 1986 850 2033 quin
881 1985 1083 2035 inscriptio
1115 1985 1205 2022 libri
1235 1985 1472 2023 Democritei

140 2097 276 2130 haedos
296 2096 495 2130 teneriores
516 2096 662 2130 eosdem
683 2108 760 2131 esse
779 2108 837 2131 me
858 2097 957 2131 subit
970 2097 1146 2141 suspici03
1167 2097 1333 2131 confudit
1346 2097 1470 2141 igitur,

140 2154 233 2187 quae
260 2143 378 2177 ederit
403 2143 632 2186 Pythagoras
659 2154 826 2188 quaeque
851 2144 1104 2178 immolaverit.

236 2192 268 2234 1)
294 2190 362 2224 Vd.
383 2191 420 2223 et
439 2190 611 2233 Rudolph
631 2190 762 2224 Philol.
784 2191 902 2235 suppl.
924 2191 972 2224 VI
993 2194 1057 2225 121
1169 2192 1202 2235 2)
1228 2190 1295 2224 Vd.
1316 2202 1350 2234 p.
1373 2190 1471 2224 XXII

235 2241 268 2280 3)
294 2237 347 2270 Ex
365 2236 525 2270 Masurio
544 2236 678 2271 Sabino
694 2237 773 2271 coll.
791 2241 844 2280 20,
864 2242 902 2271 11
920 2236 1137 2283 (V122>Me.
1152 2237 1251 2281 apud
1265 2237 1470 2281 Hertziu1n3

141 2284 204 2317 cfr.
226 2283 375 2317 Miinzer
396 2287 449 2317 60.
