1611 2474
176 57 262 97 330
784 54 833 88 IX
862 58 903 88 13

176 164 234 205 ab
273 159 416 204 Gallo
461 162 683 215 turpiter
721 161 947 214 spoliari.
1016 159 1169 202 Scuto
1207 160 1431 214 pedestri
1469 162 1515 201 et

176 222 347 277 gladio
385 220 666 274 Hispanico
712 220 909 260 cinctus
954 222 1130 260 contra
1168 217 1365 260 Gallum
1403 232 1516 259 con-

119 282 324 323 15stitit.
410 279 545 320 Metu
606 292 786 333 magno
843 293 896 319 ea
952 278 1245 333 congressio
1301 277 1352 317 in
1406 277 1515 330 ipso

176 340 320 393 ponti
364 341 579 390 utroque
623 337 850 377 exercitu
893 337 1214 390 inspectante
1255 336 1390 376 facta
1431 338 1515 376 est.

119 397 269 450 lsslta,
324 399 378 437 ut
432 399 547 437 ante
603 396 725 448 dixi,
781 395 1143 436 constiterunt:
1200 392 1374 435 Gallus
1430 408 1517 434 sua
1554 409 1569 434 5

177 455 451 509 disciplina
501 456 644 495 scuto
695 454 924 508 proiecto
970 452 1335 505 cantabundus3
1384 451 1517 492 Man-

175 515 273 555 lius
324 513 487 554 animo
538 513 696 567 magis
748 526 891 566 quam
942 515 1047 553 arte
1098 512 1325 552 confisus
1373 513 1516 551 scuto

176 575 371 613 scutum
416 572 671 625 percussit
714 574 863 624 atque
908 573 1094 611 statum
1140 568 1272 610 Galli
1317 571 1517 610 contur-

119 631 324 673 17bavit.
405 630 531 670 Dum
588 645 636 670 se
688 628 864 670 Gallus
919 630 1099 669 iterum
1150 628 1320 669 eodem
1369 629 1517 681 pacto

176 689 520 730 constituere
570 688 776 741 studet,
828 687 1065 728 Manlius
1115 687 1311 727 iterum
1363 688 1516 726 scuto
1539 702 1571 727 ιο

177 751 386 789 scutum
443 747 688 801 percutit
743 750 904 800 atque
961 747 1018 787 de
1074 746 1194 786 loco
1249 745 1517 785 hominem

176 807 358 848 iterum
398 806 599 859 deiecit3
639 820 692 846 eo
732 808 879 859 pacto
919 805 961 845 ei
1000 804 1088 845 sub
1127 803 1376 844 Gallicum
1415 803 1518 857 gla-

176 866 308 906 dium
343 865 592 905 successit
624 867 772 916 atque
804 863 1084 917 Hispanico
1117 865 1293 916 pectus
1328 861 1518 914 hausit,

176 924 353 964 deinde
386 924 628 964 continuo
661 923 919 963 humerum
953 923 1181 963 dextrum
1214 921 1384 961 eodem
1412 933 1518 960 con-

176 996 317 1023 cessu
368 982 554 1023 incidit
603 996 762 1034 neque
811 981 1026 1021 recessit
1077 994 1306 1032 usquam,
1362 979 1518 1019 donec
1539 994 1570 1020 15

176 1041 473 1093 subvertit,
517 1055 578 1081 ne
617 1039 807 1080 Gallus
846 1040 1105 1092 impetum
1144 1038 1244 1079 icti
1280 1037 1517 1078 haberet.

119 1099 273 1141 18Vbi
309 1114 414 1140 eun]
450 1100 653 1152 evertit,
692 1101 842 1152 caput
874 1098 1141 1151 praecidit,
1178 1100 1408 1150 torquem
1441 1095 1518 1136 de-

175 1158 334 1199 traxit
374 1172 580 1211 eamque
618 1158 1069 1212 sanguinulentam
1108 1155 1206 1196 sibi
1245 1156 1293 1195 in
1332 1155 1517 1195 collum

120 1217 388 1271 19inponit.
464 1216 567 1265 Quo
619 1231 675 1257 ex
724 1216 860 1256 facto
911 1215 1018 1269 ipse
1068 1214 1363 1268 posterique
1411 1213 1518 1253 eius

176 1275 423 1329 Torquati
456 1278 571 1316 sunt
604 1274 961 1329 cognominati.
1539 1287 1572 1312 20

117 1347 161 1378 20
264 1332 331 1374 Ab
375 1335 456 1374 hoc
496 1333 593 1375 Tito
632 1333 810 1385 Manlio,
855 1333 973 1373 cuius
1016 1332 1125 1372 hanc
1168 1345 1356 1385 pugnam
1395 1328 1519 1378 Qua-

177 1393 431 1447 drigarius
477 1393 716 1446 descripsit,
760 1392 938 1444 imperia
982 1394 1023 1431 et
1067 1405 1214 1443 aspera
1258 1392 1299 1430 et
1339 1388 1518 1429 immitia

177 1451 420 1492 ‘Manliana'
455 1452 566 1492 dicta
598 1454 708 1503 sunt,
741 1451 941 1504 quoniam
973 1451 1120 1503 postea
1152 1449 1265 1489 bello
1297 1447 1517 1488 adversum

175 1509 350 1550 Latinos
396 1523 491 1550 cum
536 1512 644 1550 esset
688 1509 853 1561 consul,
900 1508 1036 1548 filium
1082 1522 1204 1548 suum
1249 1505 1384 1547 securi
1428 1519 1518 1558 per-

177 1568 324 1620 cussit,
369 1569 441 1621 qui
486 1568 745 1621 speculatum
793 1567 844 1608 ab
884 1581 932 1607 eo
971 1566 1142 1619 missus,
1186 1581 1255 1602 *³⁶*
1294 1563 1517 1605 interdicto
1539 1579 1571 1605 25

175 1626 360 1679 hostem,
392 1642 415 1667 a
448 1641 531 1679 quo
564 1628 818 1680 provocatus
849 1625 1004 1677 fuerat,
1037 1623 1256 1665 occiderat.

273 1757 314 1786 17
331 1765 381 1797 sq.
416 1753 508 1787 Non.
536 1753 586 1786 Ill
610 1766 645 1797 p.
674 1756 753 1794 228,
782 1756 824 1786 10
975 1756 1016 1785 21
1034 1762 1111 1794 sqq.
1138 1750 1154 1784 I
1176 1753 1230 1791 13,
1252 1753 1270 1783 7
1297 1749 1372 1782 Liv.
1393 1748 1477 1782 VHI
1499 1751 1517 1780 7

176 1800 256 1834 Val.
279 1800 373 1834 Max.
395 1800 428 1834 Π
449 1804 479 1842 7,
501 1804 520 1834 6
547 1800 596 1833 IX
617 1803 648 1842 3,
669 1804 690 1833 4
716 1800 810 1833 Flor.
832 1799 847 1831 l
868 1802 899 1841 9,
922 1802 940 1831 2
968 1798 1053 1831 Α111·.
1070 1797 1165 1832 Vict.
1187 1796 1209 1830 1.
1225 1796 1248 1830 1.
1270 1796 1370 1830 Oros.
1386 1795 1436 1829 ΠΙ
1450 1799 1482 1836 9,
1498 1798 1516 1827 2

177 1847 248 1881 Cic.
271 1847 329 1881 fin.
351 1847 367 1880 Ι
389 1851 418 1890 7,
441 1851 483 1880 23
511 1846 596 1880 Sall.
619 1846 695 1880 Cat.
717 1846 779 1880 LII
800 1849 843 1880 30
871 1845 975 1879 Dion.
997 1845 1079 1879 Hal.
1100 1844 1185 1878 VIH
1201 1847 1241 1877 79
1263 1842 1454 1887 (Frontin.)
1468 1841 1519 1875 IV

179 1898 208 1936 1,
230 1897 273 1928 40
299 1894 395 1928 Plut.
417 1893 547 1938 parall.
572 1898 613 1927 12
641 1893 711 1927 Dio
732 1893 829 1927 Cass.
851 1893 892 1926 fr.
914 1892 1048 1926 XXXII
1069 1895 1087 1925 7
1102 1891 1149 1925 M.
1178 1891 1304 1924 Zonar.
1325 1889 1392 1923 VH
1412 1892 1455 1922 26

271 2004 290 2032 2
312 2000 463 2043 spanieo
484 1999 649 2043 (spauico
671 2001 710 2043 Q)
731 1999 760 2033 δ
783 1999 786 2044 1
811 1998 952 2032 cinctus
972 2009 1036 2032 om.
1054 1998 1075 2042 β
1093 1998 1104 2041 Η
1125 2000 1143 2030 3
1164 1996 1308 2040 Impetu
1326 1996 1429 2029 Peter
1436 2009 1448 2037 ;
1468 2005 1518 2028 an

175 2046 309 2080 Motu?
327 2048 338 2089 Η
358 2051 378 2079 4
404 2048 516 2090 ponte
538 2049 640 2083 an
662 2045 666 2090 l
690 2046 928 2089 exspectante
946 2048 978 2077 X
997 2046 1007 2088 Η
1029 2048 1047 2077 6
1070 2042 1349 2077 cunctabundus
1371 2043 1417 2075 11
1432 2052 1518 2075 cau-

175 2093 362 2126 tabundus
384 2106 401 2130 ς
423 2096 433 2137 Η
454 2097 473 2127 8
499 2092 733 2137 perturbauit
754 2094 833 2126 Hx
852 2094 863 2136 Η
884 2096 902 2125 9
930 2103 1013 2126 cum
1033 2094 1055 2123 Z
1075 2092 1085 2134 Η
1108 2094 1151 2124 14
1177 2099 1355 2124 consensu
1378 2089 1407 2123 δ’
1433 2099 1517 2122 0011-

176 2151 284 2173 cussu
311 2151 332 2177 ς
362 2140 488 2173 conisu
516 2141 623 2174 Illms.
650 2141 661 2183 Η
689 2142 730 2173 16
760 2150 805 2172 ne
834 2159 875 2163 —
901 2138 1056 2172 haberet
1077 2141 1160 2181 post
1185 2135 1361 2170 successit
1387 2137 1432 2178 (v.
1456 2138 1515 2178 13)

176 2190 313 2230 tsi-amp.
341 2187 500 2231 Scaliyer
521 2187 525 2231 1
548 2186 628 2231 icti]
661 2186 699 2220 in
731 2186 808 2220 ictu
835 2189 861 2223 Q,
892 2185 999 2219 istius
1027 2185 1049 2229 β
1079 2184 1175 2218 unde
1199 2182 1309 2216 ictuis
1335 2182 1489 2226 Lipsius
1506 2181 1518 2227 Η

177 2237 220 2266 22
236 2233 349 2267 etiam
364 2244 438 2276 asp.
457 2234 563 2267 Mms.
585 2234 596 2276 Η
616 2237 659 2266 23
679 2233 885 2278 manliana]
901 2236 961 2265 TY
975 2231 1115 2266 manlia
1130 2244 1155 2264 ω
1175 2231 1186 2274 Η
1207 2233 1249 2263 25
1265 2228 1337 2275 <**
1353 2228 1517 2275 omisso>

176 2279 308 2314 interd.
331 2281 443 2315 Hertz
463 2281 473 2324 Η
494 2283 536 2313 26
564 2280 702 2314 occidit
727 2282 771 2314 H
