1611 2474
153 66 236 106 298
654 65 720 98 VH
746 64 821 108 (VI)
851 68 908 105 13;
938 68 979 98 14

116 185 135 214 7
239 172 338 227 Sed·
357 188 403 214 ea
442 172 581 213 omnia
620 186 712 212 cum
752 172 966 225 captiones
999 186 1087 212 esse
1120 172 1288 224 quidam
1320 171 1480 212 futtiles

149 235 274 285 atque
318 233 461 272 inanes
506 231 707 281 dicerent,
753 231 912 271 ‘nolite’
958 231 1095 283 inquit
1132 230 1322 271 Taurus
1366 230 1482 270 ‘haec

114 292 269 344 Squasi
306 305 513 345 nugarum
553 290 736 342 aliquem
770 289 916 329 ludum
949 289 1172 342 aspernari.
1237 288 1482 329 Gravissimi

151 350 501 403 philosophorum
534 362 658 401 super
689 347 768 388 hac
795 362 839 387 re
866 348 973 387 serio
1001 347 1311 401 quaesiverunt:
1345 350 1385 388 et
1411 347 1482 387 alii

150 408 353 448 moriendi
380 407 553 447 verbum
580 409 705 459 atque
732 409 992 447 momentum
1019 409 1212 446 manente
1239 406 1374 446 adhuc
1397 406 1483 445 vita
1520 421 1534 446 5

150 468 231 507 dici
268 470 394 519 atque
432 466 522 506 fieri
560 467 832 519 putaverunt,
875 465 947 505 alii
983 465 1090 504 nihil
1128 465 1171 504 in
1208 479 1255 505 eo
1294 467 1483 517 tempore

150 527 259 566 vitae
302 525 562 578 reliquerunt
602 526 823 576 totumque
862 523 984 577 illud7
1028 524 1139 576 quod
1176 524 1282 563 mori
1320 523 1483 574 dicitur,

116 595 134 623 9
151 585 273 624 morti
302 583 634 635 vindicaverunt3
662 583 761 623 item
789 582 838 622 de
865 582 1011 622 ceteris
1032 582 1240 622 similibus
1260 582 1303 621 in
1323 581 1484 622 diversa

93 646 340 696 lotempora
378 645 418 682 et
456 643 499 681 in
531 642 759 681 contrarias
792 641 1019 681 sententias
1051 641 1340 681 discesserunt.
1403 638 1484 680 Sed

150 701 309 741 Plato'
344 701 481 754 inquit
513 700 670 740 ‘noster
695 699 860 752 (Parm.
881 702 936 740 21
952 714 994 751 p.
1015 701 1094 739 156
1113 698 1176 752 D)
1208 713 1343 752 neque
1374 699 1484 738 vitae
1504 714 1536 739 ιο

150 760 190 800 id
234 763 401 813 tempus
438 773 573 813 neque
611 759 738 799 morti
776 757 889 798 dedit
925 758 1119 810 idemque
1156 758 1200 797 in
1237 757 1352 798 omni
1390 770 1484 797 con-

94 830 133 860 11
151 819 351 859 similium
372 833 511 858 rerum
533 817 835 870 disceptatione
855 817 964 857 fecit.
1011 815 1131 856 Vidit
1150 817 1306 869 quippe
1326 818 1484 855 utrum-

151 892 230 931 que
275 891 364 917 esse
408 891 599 931 pugnans
640 890 774 928 neque
812 889 934 928 posse
973 890 1022 915 ex
1062 874 1225 914 duobus
1265 874 1484 914 contrariis

150 937 281 977 altero
320 938 513 975 manente
550 936 728 974 alterum
761 934 960 974 constitui
993 934 1364 986 quaestionemque
1394 932 1484 972 fieri

150 1009 224 1048 per
261 994 521 1035 diversorum
553 994 661 1033 inter
693 1008 735 1033 se
767 993 914 1032 finium
946 992 1093 1032 mortis
1126 994 1167 1032 et
1197 992 1306 1031 vitae
1339 990 1484 1031 cohae-
1506 1007 1536 1031 15

150 1053 348 1105 rentiam,
398 1056 438 1093 et
487 1052 641 1092 idcirco
692 1052 854 1104 peperit
903 1051 992 1104 ipse
1042 1051 1328 1103 expressitque
1372 1049 1485 1090 aliud

151 1111 359 1165 quoddam
416 1125 571 1151 novum
622 1111 665 1150 in
716 1110 896 1150 confinio
946 1112 1130 1162 tempus,
1186 1109 1298 1161 quod
1347 1108 1484 1148 verbis

151 1171 331 1224 propriis
371 1173 495 1223 atque
534 1169 707 1223 integris
747 1169 836 1221 τὴν
875 1166 1119 1221 ἐξαίφνης
1154 1168 1314 1220 φύσιν
1346 1166 1486 1220 appel-

151 1230 270 1281 lavit,
306 1229 432 1281 idque
463 1229 602 1282 ipsum
635 1229 709 1279 ita,
746 1228 808 1267 uti
841 1227 965 1279 dico‚’
1001 1227 1138 1278 inquit
1171 1226 1229 1266 ‘in
1260 1225 1387 1277 libro,
1419 1224 1485 1265 cui

151 1288 471 1328 Parmenides
515 1287 663 1327 titulus
702 1288 781 1338 est,
825 1286 1027 1338 scriptum
1065 1285 1117 1324 ab
1156 1299 1204 1325 eo
1242 1283 1482 1337 reperietis’
1505 1299 1538 1323 ⁴20

96 1358 136 1387 1⁴2
240 1346 361 1387 Tales
394 1348 496 1399 aput
522 1345 735 1385 Taurum
768 1344 984 1398 symbolae
1016 1344 1199 1397 taliaque
1231 1345 1348 1384 erant
1373 1356 1485 1382 men-

153 1420 291 1446 sarum
324 1405 618 1456 secundarum,
649 1406 696 1444 ut
727 1404 816 1456 ipse
849 1403 984 1443 dicere
1015 1401 1164 1442 solitus
1196 1404 1300 1453 erat,
1332 1416 1486 1454 τραγη-

153 1464 291 1517 μάτια.

770 1565 871 1606 XIV

153 1648 371 1683 Poeniendis
398 1648 560 1692 peccatis
586 1649 659 1681 tres
687 1657 764 1680 esse
790 1647 952 1680 rationes
979 1656 999 1678 a
1019 1645 1249 1689 philosophis
1270 1643 1485 1685 attributam
1507 1652 1538 1677 25

200 1698 236 1729 et
268 1695 506 1740 quamobrem
532 1694 637 1728 Plato
670 1694 824 1727 duarum
856 1704 899 1726 ex
924 1693 981 1726 his
1008 1691 1232 1733 meminerit,
1266 1702 1339 1724 non
1363 1690 1485 1724 trium.

121 1792 135 1821 1
242 1779 491 1820 Poeniendis
529 1778 712 1832 peccatis
750 1781 834 1818 tres
869 1791 957 1818 esse
990 1776 1139 1817 debere
1171 1789 1316 1817 causas
1349 1774 1487 1814 existi-

119 1850 138 1879 2
156 1841 314 1879 matum
348 1841 420 1878 est.
477 1836 571 1877 Vna
600 1839 662 1877 est
688 1850 823 1888 causa,
855 1849 961 1888 quae
988 1834 1142 1875 Graece
1167 1833 1261 1886 <vel
1287 1833 1487 1884 κόλασις>

154 1898 221 1937 vel
255 1899 468 1937 νουθεσία
501 1895 671 1947 dicitur,
709 1909 803 1935 cum
835 1909 970 1948 poena
1002 1893 1224 1934 adhibetur
1255 1891 1487 1946 castigandi

155 1958 279 2008 atque
318 1954 564 1995 emendandi
602 1954 753 2009 gratia,
796 1956 844 1993 ut
882 1954 933 2005 is,
977 1952 1048 2005 qui
1085 1951 1261 1992 fortuito
1300 1949 1487 2002 deliquit,
1506 1965 1540 1990 30

120 2014 356 2054 3attentior
386 2014 460 2053 fiat
491 2012 809 2065 correctiorque.
871 2010 1016 2051 Altera
1048 2013 1127 2062 est,
1166 2024 1289 2062 quam
1321 2008 1383 2060 hi,
1416 2008 1487 2061 qui

252 2155 267 2184 1
291 2151 443 2185 subtiles
463 2154 491 2183 V
514 2162 602 2185 corr.
617 2150 664 2183 V²
683 2152 693 2194 ΙΙ
713 2154 732 2183 5
752 2150 829 2184 vita
849 2160 913 2183 om.
927 2152 956 2182 V
975 2150 986 2192 ss
1008 2151 1025 2181 7
1046 2149 1070 2182 t.
1092 2147 1207 2182 illum,
1235 2157 1305 2191 que
1324 2145 1417 2180 illud
1430 2149 1459 2178 V
1478 2147 1488 2189 ΙΙ

156 2201 200 2231 20
233 2199 398 2232 Platonis
429 2199 533 2232 verba
565 2198 645 2240 ipsa
676 2197 757 2231 add·
787 2208 807 2234 ς
838 2198 848 2240 ΙΙ
880 2200 922 2229 21
956 2194 1112 2229 simbola
1144 2196 1180 2228 et
1212 2194 1286 2227 alia
1311 2203 1405 2236 quae
1430 2196 1459 2225 v
1478 2193 1489 2236 Η

156 2243 515 2334 ΞΞΙΞΙΞῖῼΗεΙὰΤΙὰ
534 2248 563 2277 V
582 2246 593 2288 Η
613 2247 655 2278 28
676 2243 736 2278 uel
756 2245 828 2278 κολ.
850 2243 933 2277 add.
957 2254 977 2279 ς
998 2244 1093 2286 (post
1113 2242 1234 2284 νουθ.)
1254 2242 1265 2285 ΙΙ
1284 2243 1327 2273 30
1352 2239 1410 2273 his
1429 2242 1459 2272 V
1482 2239 1484 2283 ξ
