1611 2474
137 59 220 100 342
764 61 795 94 X
822 65 840 95 3

101 168 251 208 ovelut
283 170 381 208 sunt
412 168 509 220 ista,
548 182 653 220 quae
685 168 735 208 de
769 167 809 208 C.
843 167 973 209 Verre
1005 170 1122 221 dicit,
1162 185 1267 223 quae
1299 184 1395 224 nos,
1425 173 1473 212 ut

136 227 179 266 in
211 238 406 280 praesens
439 227 666 279 potuimus,
699 230 903 280 quantum
935 229 1138 268 memoria
1164 229 1473 282 subpeditabat‚

135 286 432 338 adscripsimus
459 285 608 337 (1762,
628 287 745 339 161):
770 285 883 339 Ipse
909 287 1255 328 inflammatus
1282 289 1472 329 scelere

136 347 182 384 et
213 345 383 384 furore
415 344 464 384 in
497 343 658 384 forum
691 345 841 385 venit.
896 344 1154 387 Ardebant
1180 347 1332 399 oculi,
1363 350 1471 388 toto

135 418 190 443 ex
223 416 305 442 ore
338 403 614 443 crudelitas
647 403 906 444 eminebat.
962 403 1342 458 Exspectabant
1375 420 1471 446 om-

133 476 237 513 nes,
294 475 387 514 quo
440 461 640 502 tandem
689 476 1053 516 progressurus
1103 466 1186 504 aut
1236 464 1470 517 quidnam

133 523 337 560 acturus
382 523 531 573 esset,
581 534 689 561 cum
731 524 938 574 repente
981 522 1231 563 hominem
1276 524 1472 577 proripi

132 581 282 631 atque
309 579 359 619 in
384 579 494 620 foro
521 580 680 620 medio
707 580 884 620 nudari
911 594 963 621 ac
990 581 1205 636 deligari
1233 584 1279 622 et
1304 583 1472 637 virgas

78 649 119 677 ro
137 637 362 690 expediri
394 638 547 678 iubet.
604 637 693 679 Iam
726 640 829 680 haec
860 640 1021 680 medius
1053 640 1177 681 fidius
1211 641 1299 680 sola
1327 641 1470 681 verba:

132 695 310 736 nudari
342 710 396 738 ac
428 696 644 751 deligari
676 700 723 737 et
749 699 918 752 virgas
945 699 1173 752 expediri
1198 699 1339 740 iubet
1364 699 1471 740 tanti

132 757 271 795 motus
316 755 587 809 horrorisque
625 759 740 809 sunt,
784 760 830 797 ut
866 771 953 797 non
988 759 1166 810 narrari7
1210 772 1316 811 quae
1354 761 1472 813 gesta

133 816 249 866 sunt,
282 814 353 854 sed
384 829 472 855 rem
505 815 595 869 geri
627 829 775 868 prosus
808 815 960 857 videas.

75 884 113 913 11
222 871 475 914 Gracchus
507 876 649 914 autem
681 888 766 914 non
792 875 1003 928 querentis
1030 890 1165 928 neque
1192 875 1471 929 implorantis,

132 931 203 971 sed
245 932 480 973 nuntiantis
523 933 674 973 vicem:
719 934 863 986 palus
907 934 1046 986 inquit
1083 935 1134 974 in
1169 935 1280 974 foro
1320 934 1471 975 desti—

131 992 271 1031 tutus
328 994 420 1044 est,
481 992 783 1033 Vestimenta
839 992 1065 1033 detracta
1122 996 1254 1045 sunt7
1312 993 1470 1047 virgis

74 1060 306 1090 1‘2caesus
358 1053 442 1091 est.
519 1049 600 1091 Sed
650 1051 761 1091 enim
804 1050 858 1091 M.
899 1050 1071 1092 Cicero
1119 1053 1331 1105 praeclare
1375 1066 1470 1093 cum

131 1108 293 1149 diutina
330 1110 714 1162 repraesentatione
752 1124 837 1150 non
877 1110 1035 1151 ‘caesus
1074 1111 1164 1163 est’,
1202 1111 1273 1151 sed
1311 1110 1384 1163 (V
1404 1113 1470 1160 62,

130 1168 250 1219 162):
301 1168 605 1209 caedebatur
652 1169 792 1222 inquit
840 1169 999 1223 virgis
1049 1169 1100 1209 in
1149 1170 1309 1210 medio
1359 1169 1469 1210 foro

130 1225 390 1267 Messanae
434 1227 559 1268 civis
601 1226 873 1281 Romanus,
917 1242 1023 1268 cum
1067 1229 1260 1270 interea
1297 1229 1470 1268 nullus

130 1286 365 1338 gemitus,
404 1286 545 1327 nulla
579 1301 673 1326 vox
705 1287 847 1327 illius
880 1287 1052 1327 miseri
1085 1288 1217 1328 inter
1248 1288 1470 1327 dolorem

131 1344 503 1397 strepitumque
541 1346 802 1399 plagarum
841 1346 1158 1398 audiebatur,
1196 1346 1293 1387 nisi
1332 1345 1470 1387 haec:

132 1402 274 1442 ‘civis
315 1402 576 1444 *Romanus
627 1405 762 1444 sum?
842 1404 945 1445 Hac
995 1405 1470 1446 commemoratione

130 1461 359 1502 civitatis
391 1463 554 1503 omnia
580 1463 788 1503 Verbera
814 1463 1140 1517 depulsurum
1168 1464 1469 1505 cruciatum-

74 1530 222 1573 13que
264 1535 287 1560 a
325 1535 534 1574 corpore
574 1521 885 1562 deiecturum
923 1522 1279 1563 arbitrabatur.
1349 1520 1469 1562 Com-

130 1579 411 1631 plorationem
439 1580 586 1621 deinde
612 1583 699 1621 tam
725 1581 896 1621 acerbae
922 1581 982 1621 rei
1005 1584 1046 1621 et
1067 1581 1210 1621 odium
1230 1581 1274 1621 in
1293 1580 1468 1621 Verrem

130 1638 535 1692 detestationemque
578 1642 682 1692 aput
725 1640 826 1680 civis
868 1639 1082 1680 Romanos
1126 1640 1300 1693 inpense
1344 1642 1470 1692 atque

129 1697 281 1737 acriter
306 1699 433 1750 atque
459 1698 771 1739 inflammanter
794 1699 908 1751 facit,
937 1712 1031 1739 cum
1058 1699 1162 1739 haec
1188 1699 1290 1740 dicit
1315 1698 1469 1751 (1762

128 1755 248 1808 1659:
288 1754 322 1796 O
361 1770 540 1797 nomen
578 1757 721 1798 dulce
752 1757 1029 1798 libertatis!
1069 1771 1092 1797 o
1124 1758 1201 1797 ius
1233 1757 1469 1798 eximium

130 1816 332 1855 nostrae
371 1815 618 1856 civitatis!
664 1830 687 1856 o
726 1815 806 1856 lex
842 1815 1020 1857 Porcia
1057 1817 1298 1871 legesque
1337 1814 1469 1856 Sem-

129 1873 355 1925 proniae!
413 1888 436 1914 o
492 1875 717 1929 graviter
766 1875 1051 1916 desiderata
1100 1878 1147 1915 et
1195 1874 1467 1928 aliquando

129 1931 327 1973 reddita
389 1933 526 2019 plebi
582 1933 832 1975 Romanae
887 1934 1165 1975 tribunicia
1221 1934 1468 1987 potestas!

225 2062 242 2091 1
271 2059 362 2094 dicit
387 2070 452 2094 om.
477 2061 575 2103 (5112
608 2061 796 2105 praesenti
823 2062 894 2105 ΠΗ
915 2065 933 2094 3
960 2060 1211 2094 inflammatur
1237 2064 1292 2098 Qz
1312 2062 1322 2104 ΙΙ
1343 2064 1362 2093 5
1389 2071 1468 2093 cru-

130 2104 296 2138 deh‘tatis
322 2109 377 2138 ΒΖ
403 2108 414 2150 ΙΙ
443 2111 459 2140 7
492 2108 696 2160 proripitur
720 2119 814 2142 raszs
839 2109 899 2141 tur
925 2111 951 2145 Q,
976 2108 1158 2152 proripiat
1183 2110 1239 2140 ΒΖ
1264 2109 1275 2151 Η
1301 2110 1320 2140 8
1351 2106 1468 2151 uirgis

129 2155 198 2194 (-es
230 2154 266 2196 Z)
300 2154 328 2186 ό
358 2155 369 2197 Η
402 2157 444 2186 10
476 2154 592 2198 uirgis
625 2158 651 2192 Q
681 2155 789 2199 uirga
815 2158 871 2187 ΒΖ
902 2157 913 2199 Η
947 2158 989 2188 14
1020 2154 1153 2198 paulus
1180 2156 1209 2189 δ
1239 2156 1250 2198 ΙΙ
1282 2158 1324 2187 21
1358 2155 1466 2197 strep.

130 2200 209 2241 (scr.
237 2202 307 2243 BZ)
328 2201 357 2234 d
384 2202 498 2235 Mart.
522 2202 607 2244 Cap.
637 2183 762 2236 V5170
784 2202 1037 2246 crepitumque
1062 2214 1087 2246 γ
1115 2202 1184 2237 Οἱς.
1216 2203 1227 2245 ΙΙ
1258 2204 1301 2234 22
1335 2212 1415 2234 sum
1448 2210 1470 2234 a

130 2247 224 2288 (sum
249 2257 309 2280 ma
335 2248 371 2291 Ζ)
397 2248 427 2281 δ
449 2250 453 2290 Ι
475 2247 553 2281 Hac
580 2259 617 2282 se
645 2249 715 2283 cic.
748 2251 759 2293 Η
790 2253 834 2283 24
866 2249 1088 2283 diiecturum
1113 2250 1319 2293 (uectumm
1345 2249 1384 2292 Q)
1411 2260 1438 2281 ω
1456 2247 1469 2293 Η

130 2296 173 2327 26
200 2293 348 2328 incense
367 2306 392 2338 γ
410 2295 421 2338 Η
441 2297 484 2328 28
511 2294 667 2329 eximiae
689 2297 729 2329 11
