1602 2454
525 517 975 564 PRAEFATIO

167 720 297 758 Pauca
325 721 481 757 tantum
506 719 642 764 habeo,
675 733 773 768 quae
800 720 845 757 de
872 720 1068 757 codicibus
1095 720 1282 758 Gellianis
1310 733 1420 769 prae-

78 781 246 817 mittam.
309 779 410 816 Nam
445 792 533 816 cum
566 791 609 815 ex
643 781 837 827 apparatu
869 780 1090 829 largissimo
1123 780 1305 816 editionis
1338 793 1419 816 ma-

78 840 172 877 ioris
192 838 354 884 Hertzii,
381 838 475 886 quid
501 838 547 874 de
573 838 913 888 consanguinitate
940 842 978 875 et
1004 840 1208 875 stemmate
1231 838 1419 876 librorum

78 897 329 935 statuendum
361 899 472 944 esset,
504 910 590 934 mea
622 910 740 946 opera
771 898 1061 945 inquisivissem
1093 897 1208 945 idque
1241 910 1327 934 cum
1358 899 1419 936 iis,

77 969 178 1004 quae
203 958 244 993 in
270 956 513 1004 amplissima
539 958 782 1005 praefatione
806 957 884 1001 ille,
910 957 1018 994 cuius
1038 958 1079 993 in
1101 956 1225 993 Gellio
1245 956 1418 994 laborem

77 1015 238 1053 laudare
270 1015 526 1063 superfluum,
557 1016 708 1053 imitari
740 1016 838 1052 velle
872 1016 1123 1053 ambitiosum
1155 1018 1230 1062 est,
1262 1028 1418 1065 conges—

77 1076 199 1121 serat,
236 1075 504 1120 contulissem,
536 1075 667 1111 omnia
702 1076 781 1112 fere
813 1076 891 1112 iam
924 1077 1115 1122 occupata
1147 1087 1228 1112 esse
1260 1076 1419 1111 minime

77 1133 260 1170 mirabar.
311 1134 413 1170 Nam
440 1133 489 1170 ad
516 1133 677 1171 eandem
703 1136 848 1171 metam
875 1146 1018 1179 omnes,
1044 1135 1172 1181 quiin
1192 1134 1250 1170 his
1271 1136 1419 1182 campis

76 1192 297 1239 decurrant,
330 1195 584 1241 perventuros
618 1205 698 1230 esse
726 1195 768 1230 in
794 1193 1003 1241 propatulo
1030 1196 1100 1239 est,
1131 1205 1255 1241 neque
1282 1206 1325 1229 ex
1353 1193 1419 1229 ad-

78 1250 317 1298 ditamentis,
343 1264 443 1299 quae
469 1264 513 1288 ex
533 1251 685 1289 Hertzii
711 1252 902 1289 schedulis
923 1252 984 1288 Fr.
1006 1247 1165 1303 Kuhnl)
1189 1254 1419 1301 composuit,

77 1310 292 1358 quidquam
337 1310 583 1348 fundamenti
625 1311 732 1348 illius
775 1311 1144 1348 ratiocinationibus
1188 1311 1419 1348 detrahitur.

77 1368 217 1417 Itaque
254 1382 342 1406 cum
381 1371 469 1407 acta
506 1382 621 1419 agere
654 1370 778 1407 videri
809 1370 972 1418 possim⁷
1011 1371 1060 1417 si,
1098 1382 1198 1418 quae
1230 1382 1317 1407 cum
1349 1370 1418 1406 illo

78 1428 256 1475 equidem
283 1429 416 1475 statui,
448 1440 677 1478 proponam,
709 1431 852 1475 tamen,
881 1430 926 1465 ut
951 1429 1153 1466 commodo
1179 1442 1324 1475 eorum,
1352 1430 1419 1477 qui

77 1486 150 1524 hac
191 1487 361 1524 editione
398 1489 461 1525 usi
498 1488 547 1525 ad
585 1488 746 1525 alterius
785 1500 936 1537 semper
973 1489 1342 1525 commentationem
1380 1501 1418 1524 se

77 1546 245 1596 relegari
279 1558 393 1596 aegre
425 1547 571 1593 ferant,
608 1548 836 1593 inserviam,
874 1548 1009 1596 paucis
1041 1546 1187 1593 verbis,
1226 1547 1419 1595 quomodo

77 1604 170 1642 libri
195 1604 365 1642 Gelliani
395 1607 499 1642 inter
530 1618 569 1643 se
601 1606 835 1644 cohaereant
866 1606 1037 1654 quidque
1069 1606 1115 1643 de
1148 1606 1312 1655 singulis
1341 1607 1418 1642 exi-

78 1664 318 1701 stimandum
356 1665 424 1711 sit,
468 1665 696 1713 explanabo.
765 1665 896 1702 Pauca
933 1666 972 1701 et
1008 1678 1149 1713 parva,
1194 1665 1240 1702 de
1278 1664 1418 1713 quibus

78 1723 216 1760 melius
248 1723 408 1760 Hertzio
446 1723 637 1762 iudicasse
676 1724 773 1760 mihi
810 1724 961 1771 videor,
1001 1726 1086 1771 aut,
1125 1726 1169 1760 ut
1206 1723 1418 1761 modestius

79 1794 212 1832 agam⁷
249 1783 291 1819 in
323 1782 462 1830 quibus
494 1783 561 1820 ille
592 1796 674 1820 rem
706 1795 784 1819 non
815 1783 931 1831 plane
963 1782 1150 1829 absolvit,
1186 1783 1318 1829 facile,
1351 1784 1421 1831 qui

76 1841 118 1877 in
150 1841 210 1878 his
244 1841 536 1889 quaestionibus
568 1843 789 1887 morantur,
821 1842 1068 1890 perspicient.

168 1897 275 1948 Opus
295 1899 517 1938 Gellianum
544 1902 704 1949 propter
729 1901 892 1938 nimiam
917 1900 1230 1951 magnitudinem
1254 1901 1297 1937 in
1323 1900 1419 1938 duas

77 1960 209 2007 partes
242 1960 401 1996 minime
426 1972 539 2008 pares
566 1972 589 1996 a
613 1959 785 1997 librariis
812 1960 981 1997 divisum
1007 1972 1095 1997 cum
1120 1962 1232 2007 esset,
1264 1959 1418 2005 accidit,

78 2019 124 2054 ut
153 2016 253 2055 liber
283 2019 444 2056 octavus
475 2019 579 2055 inter
607 2031 746 2056 aevum
771 2018 962 2056 Macrobii
987 2020 1026 2056 et
1050 2019 1248 2056 saeculum
1273 2031 1417 2055 nonum

79 2076 274 2124 deperiret
311 2078 475 2115 servatis
513 2079 595 2115 eius
632 2077 882 2115 lemmatibus
914 2079 955 2115 in
987 2077 1184 2115 codicibus
1216 2077 1418 2114 deteriori-

77 2134 167 2182 bus3
205 2135 367 2172 eandem
405 2136 453 2173 ob
485 2149 660 2184 causam,
699 2149 786 2174 cum
818 2136 991 2174 membra
1024 2137 1099 2174 duo
1131 2137 1201 2174 illa
1234 2136 1420 2185 discerpti

176 2262 207 2303 1)
234 2259 412 2294 Fleckeis.
434 2271 516 2295 ann.
538 2261 657 2306 suppl.
678 2261 762 2295 XXI
787 2260 937 2305 Lipsiae
960 2264 1048 2295 1894
1067 2273 1103 2305 p.
1128 2265 1144 2295 1
1161 2272 1239 2305 sqq.
