1617 2484
188 57 305 91 XVIII
721 55 989 90 PRAEFATIO

188 170 357 215 biarum,
392 170 543 206 invenit
573 170 614 205 in
646 168 777 216 aliquo
809 168 908 204 libro
941 168 987 204 de
1018 168 1166 205 musica
1197 169 1427 216 conscripto,
1457 169 1525 206 ubi

187 230 266 265 iam
293 228 341 264 ad
361 227 598 276 Thucydidis
618 226 885 274 Herodotique
904 227 1008 264 locos
1028 227 1231 264 remissum
1251 229 1344 264 erat.
1395 227 1525 265 Verba

188 299 278 324 vero
315 287 454 323 horum
492 299 535 323 ex
572 287 667 334 ipsis
705 284 928 333 supplebat,
966 286 1067 322 sicut
1098 283 1122 332 ἓ
1157 285 1207 322 16
1248 298 1291 322 ex
1330 284 1524 334 Cicerone,

187 347 308 383 totius
335 345 684 395 argumentationis
710 344 860 392 origine
885 356 963 380 non
987 344 1194 392 patefacta.
1244 343 1345 382 Item
1369 346 1526 393 praeter

187 405 369 441 Tironem
397 402 583 440 Catonem
616 403 663 451 ab
696 415 740 439 eo
771 402 989 451 inspectum
1021 415 1101 440 esse
1133 403 1234 440 clare
1266 404 1384 440 verba
1410 403 1465 440 VI
1487 405 1524 451 3,

188 464 240 500 49
280 460 437 508 docent,
475 474 599 510 neque
636 461 751 498 fidem
789 462 824 498 ei
862 461 1007 511 denego
1045 461 1177 497 XVIII
1210 463 1230 498 7
1271 474 1310 499 se
1348 464 1524 510 exempla

186 521 379 559 Favorino
412 521 678 569 suppeditasse
711 520 961 567 asseveranti,
992 519 1083 557 dum
1114 521 1155 556 in
1181 520 1365 558 Favorini
1396 522 1523 559 locum

186 581 333 617 fontem
365 592 500 616 verum
530 579 713 616 Verrium
745 578 939 628 subroges.

273 638 380 676 Haec
405 650 509 684 vero,
535 650 634 686 quae
660 650 778 686 supra
804 638 973 685 exposui,
1000 637 1103 685 quod
1127 639 1207 674 iam
1232 651 1302 687 pro
1323 639 1524 687 explorato

184 709 327 746 ponere
365 698 473 743 licet,
511 697 675 734 duorum
712 697 919 745 praecipue
956 697 1130 733 virorum
1165 698 1334 734 acumini
1366 700 1405 734 et
1436 698 1522 735 sub-

184 756 326 793 tilitati
369 755 569 802 debemus,
613 757 681 804 qui
724 768 811 793 cum
848 755 1083 792 Dirksenum
1124 756 1292 804 quadam
1330 768 1374 793 ex
1411 758 1523 806 parte

184 827 454 864 praegressum
495 815 618 852 secuti
655 814 808 851 diversa
845 826 963 861 opera
1000 813 1049 850 ad
1087 814 1249 852 eundem
1285 814 1400 852 finem
1436 828 1522 864 per-

185 875 373 920 venerint,
404 874 506 911 1111116
538 886 581 911 60
613 874 737 923 magis
770 872 1056 920 stabiliverunt,
1086 873 1343 911 Mercklinum
1372 874 1457 912 dico
1484 877 1523 912 et

184 932 540 979 Kretzschmerum,
584 944 749 980 quorum
793 932 959 981 vestigia
998 934 1223 979 presserunt
1259 933 1388 970 fructu
1427 934 1522 971 satis

184 992 314 1040 amplo
352 991 500 1037 Ruske,
537 992 686 1027 minore
719 985 940 1042 Froehdeff)
1003 989 1079 1034 Qui
1115 1003 1206 1028 vero
1245 992 1298 1029 eis
1334 1004 1522 1029 successe—

183 1052 286 1097 runt,
318 1051 358 1087 in
390 1050 540 1087 lubrico
573 1050 653 1087 solo
681 1051 719 1087 et
743 1061 865 1097 paene
892 1049 1078 1086 exhausto
1105 1049 1353 1097 desudarunt,
1384 1051 1442 1087 ita
1466 1053 1522 1097 ut,

184 1110 251 1156 qui
276 1110 458 1158 provenit
482 1109 643 1155 fructus,
669 1121 746 1145 non
769 1121 920 1156 semper
938 1108 1171 1156 respondeat
1189 1109 1346 1158 ingenio
1367 1121 1521 1157 operae-

184 1180 257 1215 que
288 1169 497 1216 impensae.
561 1166 624 1204 Sic
656 1169 757 1205 certe
789 1179 950 1204 acumen
982 1179 1059 1203 non
1090 1167 1232 1214 defuit,
1267 1167 1332 1205 sed
1364 1168 1522 1205 fortuna

183 1227 344 1274 Beckio,
382 1228 451 1276 qui
487 1228 639 1275 partem
678 1227 851 1274 capitum
889 1238 933 1262 ex
965 1225 1084 1262 Plinii
1121 1226 1167 1263 de
1198 1225 1314 1263 dubio
1347 1239 1522 1264 sermone

183 1285 293 1322 libris
326 1285 530 1323 deductam
569 1297 649 1322 esse
688 1284 898 1322 contendit.
961 1283 1066 1327 Quae
1103 1285 1223 1322 thesis
1261 1297 1384 1333 neque
1419 1286 1521 1323 clare

182 1344 341 1390 firmari,
374 1345 553 1392 quamvis
583 1344 725 1381 acriter
750 1344 802 1380 sit
826 1345 1039 1391 proposita,
1071 1355 1206 1391 neque,
1238 1343 1277 1380 id
1304 1344 1407 1392 quod
1433 1357 1521 1382 conr

182 1404 373 1449 cesserim,
406 1403 508 1440 clare
540 1402 722 1452 redargui
747 1397 936 1453 potest²);
969 1401 1187 1439 aedificium
1212 1415 1303 1439 vero
1329 1402 1522 1440 debilibus

182 1461 357 1499 trabibus
401 1464 666 1499 constructum
711 1462 829 1498 timeo
874 1473 921 1497 ne
958 1461 1072 1509 pauci
1110 1461 1205 1509 sint,
1249 1462 1316 1509 qui
1353 1462 1521 1499 incolere

182 1520 363 1567 audeant,
394 1522 549 1568 praeter
580 1520 735 1557 aedium
760 1520 925 1556 fabrum.
983 1519 1112 1556 Simili
1137 1519 1263 1566 modo,
1295 1532 1393 1568 quae
1419 1533 1522 1557 nova

182 1592 220 1616 se
253 1579 497 1616 elucubrasse
528 1581 654 1627 putat,
685 1578 908 1626 Nettleship
940 1579 1050 1615 nobis
1079 1590 1166 1614 raro
1191 1578 1354 1627 probare
1379 1582 1520 1627 potest,

181 1640 212 1675 si
250 1650 370 1675 novos
403 1640 441 1675 et
473 1650 596 1686 paene
626 1638 781 1687 ignotos
814 1639 989 1674 auctores
1022 1637 1062 1673 in
1094 1637 1232 1674 seriem
1263 1638 1430 1675 fontium
1461 1639 1520 1674 in-

181 1697 320 1743 culcat,
354 1699 398 1733 ut
431 1695 652 1733 Cornelium
684 1695 901 1744 Epicadum
933 1696 995 1732 vel
1027 1694 1190 1733 Octavio
1221 1695 1341 1733 Avito
1373 1697 1519 1734 similes

180 1756 242 1792 vel
273 1754 433 1793 Asconii
471 1758 606 1792 contra
643 1755 922 1792 obtrectatores
954 1754 1121 1804 Vergilii
1158 1754 1311 1792 librum.
1375 1753 1520 1792 Contra

181 1827 296 1862 quem
339 1815 418 1851 iam
455 1814 527 1851 hoc
564 1827 684 1850 unum
723 1808 964 1865 opponam.3)
1033 1812 1218 1857 Quamvis
1255 1825 1331 1850 non
1370 1826 1520 1862 semper

181 1885 249 1909 suo
281 1873 364 1910 loco
397 1885 485 1910 suos
517 1873 643 1910 fontes
674 1873 861 1919 nominet,
894 1871 1062 1909 Gellium
1093 1884 1286 1920 nusquam
1318 1875 1448 1909 tamen
1475 1884 1518 1909 ex

180 1933 338 1968 auctore
381 1944 451 1968 sua
494 1931 751 1980 desumpsisse
795 1931 1046 1968 statuendum
1089 1933 1164 1977 est,
1211 1931 1279 1978 qui
1321 1943 1397 1968 non
1441 1943 1518 1968 uno

180 1990 352 2027 alterove
384 1990 467 2027 loco
500 1990 620 2028 totius
654 1990 779 2038 operis
812 1992 1010 2038 appareat.
1067 1989 1122 2026 Vt
1146 1988 1278 2025 XVIII
1307 1991 1359 2026 14
1385 2002 1519 2026 mana-

276 2150 307 2192 1)
333 2147 401 2182 Vd.
430 2158 554 2182 eorum
579 2147 692 2182 libros
718 2147 815 2182 infra
840 2160 876 2192 p.
900 2147 982 2181 XXI
1003 2147 1085 2181 adn.
1115 2147 1258 2182 allatos.

273 2196 307 2239 2)
334 2194 414 2236 Qua
438 2195 476 2228 in
500 2205 540 2229 re
564 2206 622 2228 me
649 2195 855 2229 consentire
881 2195 1024 2239 gaudeo
1051 2205 1132 2228 cum
1159 2193 1283 2237 GoetZ,
1308 2194 1401 2228 Berl.
1426 2194 1516 2238 phil.

180 2240 440 2276 Wochenschr.
461 2241 544 2275 XIII
563 2244 681 2286 (1893)
705 2245 804 2276 1262.

275 2291 309 2334 3)
334 2288 402 2323 Vd.
431 2290 467 2323 et
493 2288 616 2322 Ruske
641 2301 675 2333 p.
700 2294 735 2331 13
763 2293 816 2323 58.
