1611 2474
181 60 267 100 324
750 59 800 93 IX
828 63 887 102 103
917 63 955 93 11

178 168 445 219 librorum,
490 180 595 219 quos
640 167 695 207 de
736 167 921 221 figuris
960 168 1327 208 sententiarum
1366 182 1519 222 conpo-

180 226 277 278 suit,
309 225 521 279 egregiam
555 225 688 265 totius
720 225 842 265 istius
869 226 1142 267 verecundiae
1168 227 1335 267 laudem
1362 226 1520 267 insulsa

143 285 304 325 (Inimis
338 287 378 324 et
411 283 556 324 odiosa
589 284 845 324 scrutatione
878 284 1064 325 violavit.
1119 284 1231 325 Nam
1264 299 1360 325 cum
1386 299 1518 340 genus

176 343 258 383 hoc
289 343 450 397 figurae
482 342 703 395 probasset
735 345 776 383 et
808 343 909 383 satis
940 343 1241 396 circumspecte
1266 344 1402 384 factos
1429 357 1518 384 esse

176 416 321 442 versus
360 400 550 441 dixisset:
592 401 838 441 ‘membra'
879 405 1044 442 tamen
1081 402 1221 455 inquit
1258 403 1407 455 paulo
1446 403 1518 443 in-

177 460 375 500 cautius
408 459 699 500 nominavit.

820 587 879 628 XI

435 667 488 701 De
515 667 663 702 Valerio
690 668 862 709 Corvino3
890 670 927 702 et
951 669 1048 702 unde
1076 668 1261 703 Corvinus.

144 762 160 791 1
265 751 328 792 De
366 751 552 791 Maximo
591 751 780 804 Valerio,
824 752 897 805 qui
936 751 1142 793 Corvinus
1180 754 1417 806 appellatus
1457 756 1521 793 est

178 810 231 849 ob
259 810 464 850 auxilium
490 811 961 864 propugnationemque
988 811 1103 851 corvi
1128 812 1254 863 alitis5
1279 811 1384 852 haut
1409 812 1519 864 quis-

142 880 305 921 Qquam
338 871 401 909 est
432 868 641 909 nobilium
674 869 939 922 scriptorum,
975 870 1047 922 qui
1081 883 1199 910 secus
1231 870 1395 910 dixerit.
1457 870 1519 910 Ea

176 941 242 967 res
278 941 450 980 prorsus
483 927 673 967 miranda
705 928 764 968 sic
796 928 986 981 profecto
1021 931 1083 968 est
1115 928 1159 968 in
1190 928 1338 969 libris
1371 943 1519 969 anna-

143 986 312 1026 3libus
347 984 510 1037 (Claud.
543 986 694 1037 ῼιιαᾱν.
718 987 772 1037 fr.
799 989 855 1026 12
875 986 944 1037 P.)
978 989 1226 1027 memorata:
1261 985 1519 1028 Adulescens

177 1044 253 1084 tali
291 1058 443 1098 genere
481 1044 617 1084 editus
649 1044 694 1084 L.
724 1044 852 1085 Furio
886 1043 1061 1085 Claudio
1094 1044 1236 1098 Appio
1276 1046 1519 1086 consulibus

141 1102 284 1153 4<fitj>
322 1102 518 1143 tribunus
551 1103 757 1143 militaris.
819 1102 962 1156 Atque
994 1104 1038 1144 in
1070 1117 1118 1144 eo
1151 1106 1341 1157 tempore
1374 1105 1519 1157 copiae

180 1159 398 1201 Gallorum
436 1161 628 1215 ingentes
667 1176 815 1216 agrum
853 1161 1129 1215 Pomptinum
1167 1163 1422 1215 insederant,
1460 1163 1520 1203 in-

178 1219 532 1272 struebanturque
564 1220 673 1260 acies
706 1235 729 1260 a
762 1221 1006 1261 consulibus
1033 1220 1082 1261 de
1108 1221 1150 1261 vi
1176 1235 1224 1261 ac
1249 1222 1520 1262 multitudine

143 1278 367 1319 bhostium
400 1279 500 1318 satis
533 1279 769 1333 agentibus.
829 1278 928 1320 Dux
959 1279 1119 1319 interea
1152 1277 1370 1320 Gallorum
1402 1282 1520 1320 vasta

178 1339 220 1376 et
269 1337 398 1377 ardua
448 1337 700 1390 proceritate
750 1337 962 1390 armisque
1009 1352 1111 1378 auro
1156 1338 1519 1392 praefulgentibus

178 1395 355 1449 grandia
392 1395 631 1449 ingrediens
664 1398 705 1436 et
736 1410 864 1436 manu
896 1397 1028 1436 telum
1060 1397 1326 1449 reciprocans
1358 1397 1519 1437 incede-

178 1454 252 1493 bat
292 1468 450 1507 perque
488 1457 779 1507 contemptum
818 1457 859 1495 et
897 1455 1137 1507 superbiam
1176 1455 1518 1508 circumspiciens

179 1512 499 1565 despiciensque
533 1512 673 1553 omnia
705 1513 846 1553 Venire
879 1513 997 1554 iubet
1030 1516 1070 1554 et
1102 1514 1319 1568 congredi,
1358 1515 1392 1554 si
1424 1514 1518 1566 quis

178 1584 367 1624 pugnare
418 1584 558 1611 secum
610 1586 660 1611 ex
711 1571 825 1611 omni
869 1571 1062 1611 Romano
1107 1572 1292 1612 exercitu
1336 1572 1517 1613 auderet.

144 1628 285 1670 oTum
319 1628 513 1669 Valerius
551 1630 746 1670 tribunus
786 1630 933 1670 ceteris
966 1630 1075 1670 inter
1106 1633 1265 1671 metum
1298 1631 1518 1684 pudorem-

179 1702 260 1740 que
309 1687 521 1742 ambiguis
571 1688 797 1741 impetrato
844 1689 961 1742 prius
1006 1703 1029 1728 a
1074 1689 1335 1741 consulibus,
1384 1692 1433 1730 ut
1475 1689 1519 1729 in

273 1829 291 1858 9
308 1837 385 1869 sqq.
419 1826 493 1859 Liv.
521 1825 588 1859 VII
614 1830 657 1859 26
690 1826 783 1860 Flor.
810 1826 825 1859 Ι
851 1830 871 1860 8
902 1826 1001 1860 Eutr.
1022 1827 1055 1859 II
1076 1831 1095 1859 6
1125 1827 1209 1860 Aur.
1232 1827 1327 1861 Vict.
1349 1839 1378 1860 v.
1400 1827 1452 1860 ill.
1475 1831 1516 1861 29

180 1872 280 1906 Oros.
308 1872 357 1906 III
384 1876 414 1915 6,
443 1876 462 1905 5
496 1872 618 1914 Quint.
645 1873 678 1906 H
704 1877 735 1916 4,
768 1877 806 1907 18
836 1874 953 1907 Amm.
976 1873 1092 1907 XXIV
1111 1879 1143 1916 4,
1165 1878 1184 1907 5
1211 1874 1316 1908 Dion.
1338 1874 1419 1908 Hal.
1442 1885 1516 1908 exc.

178 1918 244 1951 XV
273 1922 302 1961 1,
331 1923 347 1952 1
381 1920 538 1963 Appian.
567 1919 656 1953 Celt.
686 1923 727 1953 10
759 1920 828 1953 Dio
857 1920 952 1954 Cass.
981 1920 1022 1953 fr.
1051 1924 1093 1953 31
1110 1921 1157 1953 M.
1186 1920 1279 1954 GLK
1298 1921 1348 1954 IV
1372 1924 1450 1963 536,
1476 1925 1518 1955 14

179 1964 279 1998 Suid.
308 1977 333 1999 s.
362 1978 391 1997 v.
420 1966 550 2000 Κελτοὶ
576 1968 613 2000 et
638 1966 812 2009 ἀμύσσειν
978 1970 1020 2000 18
1036 1978 1087 2011 sq.
1121 1967 1238 2001 Amm.
1266 1967 1366 2001 XXV
1394 1971 1447 2009 10,
1476 1971 1518 2001 14

179 2011 262 2045 XVI
279 2016 332 2055 12,
348 2016 391 2046 24
530 2016 573 2046 20
593 2013 711 2047 Amm.
727 2013 827 2046 XXII
842 2017 896 2056 14,
912 2017 930 2046 3
952 2013 1067 2047 XXVI
1084 2017 1113 2056 7,
1131 2017 1172 2047 15
1193 2013 1308 2047 XXIX
1322 2018 1354 2057 5,
1370 2018 1430 2057 253
1451 2018 1482 2056 2,
1499 2018 1516 2047 7

273 2144 294 2173 4
308 2141 508 2184 probassent
522 2141 612 2175 satis
627 2143 656 2175 d
675 2143 685 2184 ΙΙ
707 2145 726 2175 9
741 2142 830 2185 quin
846 2162 888 2165 —
904 2142 953 2175 sit
968 2142 1071 2186 Mdy.
1092 2144 1103 2185 Η
1125 2146 1166 2175 12
1182 2142 1400 2175 admiranda
1414 2143 1518 2187 ΝΠΗ

181 2192 223 2220 13
250 2188 444 2221 memorati
472 2188 717 2222 adolescentis
744 2188 788 2220 B¹
812 2190 823 2232 ΙΙ
851 2192 893 2221 14
923 2188 1006 2233 tali]
1033 2188 1126 2222 Italo
1152 2189 1205 2222 ed.
1231 2193 1306 2223 aut.
1334 2188 1518 2223 consulari

180 2234 282 2279 Mdy.
308 2235 310 2277 Ι
334 2234 371 2267 L.
394 2245 458 2268 om.
480 2235 510 2268 δ
528 2236 539 2277 ΙΙ
562 2238 602 2268 15
624 2235 664 2269 fit
684 2236 766 2269 add.
789 2246 809 2272 ς
829 2237 839 2278 ΙΙ
861 2239 902 2268 1ss
923 2235 1149 2278 promtinum
1169 2236 1199 2269 δ
1217 2236 1227 2279 ΙΙ
1250 2238 1289 2269 17
1311 2235 1519 2270 instrueba-

179 2282 239 2314 tur
257 2281 314 2316 δὴ.
336 2282 346 2324 1}
368 2284 410 2315 20
436 2281 567 2325 gradia
587 2282 616 2315 δ

1540 829 1573 854 10

1540 1121 1572 1146 15

1540 1413 1573 1438 20

1539 1706 1571 1731 25
