1591 2474
125 44 181 84 52
504 85 508 89 ,
732 43 857 86 15;6

90 163 109 192 2
213 150 279 191 Ad
312 151 489 191 eundem
515 151 686 190 modum
714 149 759 198 Q.
780 149 1084 190 Hortensius
1111 151 1305 191 omnibus
1331 151 1461 191 ferme

125 210 362 250 oratoribus
400 210 548 249 aetatis
584 223 700 258 suae,
731 209 812 248 nisi
843 208 896 248 M.
930 208 1116 261 Tullio,
1149 209 1316 260 clarior,
1349 209 1462 261 quod

123 270 257 308 multa
294 267 500 308 munditia
538 270 579 307 et
611 268 910 320 circumspecte
943 268 1257 320 compositeque
1290 267 1459 308 indutus

124 330 165 367 et
203 327 379 367 amictus
419 330 526 366 esset
559 340 790 377 manusque
822 326 909 365 eius
941 326 1052 365 inter
1081 326 1290 379 agendum
1321 326 1461 366 forent

123 388 297 439 argutae
331 384 557 424 admodum
587 387 627 424 et
653 386 885 437 gestuosae,
917 383 1150 424 maledictis
1177 385 1463 437 compellatio·
1502 400 1516 426 5

123 444 331 495 nibusque
363 443 528 495 probris
560 443 737 482 iactatus
771 445 850 495 est,
882 443 1097 494 multaque
1129 443 1174 482 in
1205 457 1312 495 eum,
1344 443 1465 495 quasi

123 503 168 543 in
199 502 458 553 histrionem,
490 502 534 541 in
566 501 667 553 ipsis
701 501 835 541 causis
867 503 993 553 atque
1025 501 1189 541 iudiciis
1216 501 1326 541 dicta
1356 504 1464 541 sunt.

96 559 213 602 3Sed
252 575 346 600 cum
378 559 423 599 L.
449 559 752 612 Torquatus,
790 559 1025 613 subagresti
1063 559 1190 599 homo
1223 560 1392 613 ingenio
1425 562 1467 600 et

131 620 340 671 infestivo‚
373 619 541 672 gravius
572 618 845 670 acerbiusque
877 618 989 671 apud
1020 618 1241 658 consilium
1270 618 1466 670 iudicum,

132 692 227 717 cum
261 677 311 717 de
344 691 467 717 causa
500 675 641 716 Sullae
673 679 957 729 quaereretur,
989 690 1075 716 non
1106 677 1188 716 iam
1219 676 1467 717 histrionem
1487 693 1520 718 ιο

133 751 229 776 eum
262 750 350 775 esse
383 735 549 787 diceret,
582 735 653 775 sed
679 735 988 789 gesticulariam
1014 734 1345 788 Dionysiamque
1372 750 1467 775 eum

132 795 376 835 notissimae
421 794 702 834 saltatriculae
742 794 911 833 nomine
948 794 1195 846 appellaret,
1238 796 1329 833 tum
1366 807 1467 834 voce

132 854 253 893 molli
295 855 421 905 atque
466 852 643 892 demissa
686 851 989 892 Hortensius
1034 851 1286 904 ‘Dionysia,’
1330 853 1468 904 inquit

133 911 356 965 ‘Dionysia
388 912 499 950 malo
532 910 725 963 equidem
752 925 840 950 esse
866 924 992 962 quam
1018 911 1131 962 quod
1155 913 1213 961 m,
1245 910 1468 963 Torquate,

131 971 334 1024 ἄμουσος,
366 968 672 1023 ἀναφρόδιτοςῧ
705 968 1074 1023 ἀπροσδιόνυσος’.
1485 985 1517 1010 15

761 1096 821 1138 VI

131 1178 253 1212 Verba
279 1189 322 1212 ex
349 1177 515 1212 oratione
536 1177 678 1211 Metelli
698 1176 896 1218 Numidici,
923 1188 1034 1219 quam
1060 1176 1155 1210 dixit
1179 1177 1217 1209 in
1243 1188 1395 1211 censura
1421 1177 1469 1211 ad

175 1225 363 1269 populum,
393 1236 474 1258 cum
501 1235 585 1258 eum
611 1224 657 1257 ad
682 1235 814 1257 uxores
841 1223 1026 1257 ducendas
1053 1223 1326 1266 adhortaretur3
1352 1235 1469 1266 eaque

176 1272 293 1306 oratio
326 1282 438 1314 quam
465 1271 511 1304 ob
538 1281 688 1305 causam
713 1270 934 1314 reprehensa
960 1272 997 1304 et
1023 1282 1094 1313 quo
1121 1272 1249 1304 contra
1273 1271 1381 1304 modo
1408 1271 1469 1304 de-

172 1319 276 1353 fensa
300 1318 358 1352 sit.
1487 1327 1520 1351 20

101 1416 117 1444 1
224 1403 371 1443 Multis
397 1405 438 1442 et
464 1402 637 1442 eruditis
660 1403 760 1442 viris
779 1402 1044 1442 audientibus
1064 1402 1283 1455 legebatur
1308 1402 1469 1442 oratio

139 1461 335 1502 Metelli
365 1460 639 1513 Numidici,
676 1461 815 1514 gravis
851 1474 900 1500 ac
936 1460 1080 1500 diserti
1117 1461 1212 1513 viri,
1244 1474 1387 1512 quam
1421 1461 1471 1500 in

140 1534 347 1560 censura
373 1519 502 1559 dixit
526 1520 584 1559 ad
609 1520 849 1572 populum
874 1519 930 1559 de
953 1518 1190 1559 ducendis
1211 1519 1471 1571 uxoribus,

139 1593 235 1619 cum
267 1593 362 1618 eum
393 1577 445 1617 ad
476 1578 743 1618 matrimonia
771 1577 1023 1630 capessenda
1047 1576 1295 1617 hortaretur.
1350 1576 1399 1617 In
1424 1592 1471 1617 ea

105 1649 123 1678 2
139 1637 329 1677 oratione
355 1634 692 1689 (ORF212.161;
718 1637 823 1689 275)
848 1636 907 1676 ita
933 1636 1134 1676 scribtum
1159 1635 1256 1675 fuit:
1290 1634 1340 1675 Si
1366 1636 1471 1676 sine
1491 1651 1523 1676 25

140 1710 294 1736 uxore
343 1695 566 1747 <vivere>
615 1708 889 1748 possemus,
942 1693 1182 1745 Quirites,
1238 1695 1369 1734 omni
1419 1709 1471 1734 ea

232 1826 248 1855 1
271 1833 348 1864 sqq.
376 1821 456 1854 Val.
484 1821 580 1855 Max
608 1821 691 1854 VIII
718 1824 771 1862 10,
798 1825 817 1854 2
845 1820 955 1854 Macr.
983 1820 1031 1853 m
1059 1824 1111 1861 13,
1138 1823 1158 1852 4
1308 1824 1327 1853 3
1352 1820 1469 1853 Amm.

137 1868 271 1902 XXVII
291 1872 322 1910 3,
346 1871 387 1901 14
539 1872 559 1901 5
585 1867 702 1900 Amm.
725 1867 824 1900 XVH
843 1872 874 1909 9,
897 1871 916 1899 3
1065 1870 1085 1899 8
1111 1867 1228 1900 Amm.
1250 1866 1333 1900 XIV
1354 1871 1406 1907 11,
1430 1871 1470 1900 11

137 1915 237 1948 XXX
257 1919 289 1957 4,
310 1919 329 1947 2
459 1918 500 1948 15
521 1915 630 1959 (Plut.
652 1916 792 1957 quaest.
813 1926 929 1957 symp.
950 1924 1109 1957 prooem.
1130 1915 1218 1948 extr.
1239 1925 1273 1957 p.
1295 1917 1362 1947 612
1381 1913 1424 1958 Ε)

230 2036 246 2064 1
276 2032 331 2077 Q]
352 2035 381 2064 A
406 2043 471 2065 om.
492 2046 519 2065 ω
539 2033 550 2075 Η
571 2035 589 2064 2
617 2030 936 2065 ORATIONIBVS
956 2034 985 2063 A
1003 2032 1015 2074 Η
1034 2035 1055 2064 4
1081 2030 1236 2064 amictus
1262 2030 1470 2064 accuratior

136 2081 233 2113 esset
258 2080 336 2123 βξξό
363 2078 520 2122 probris]
547 2081 576 2110 A
601 2078 785 2121 probrosis
812 2077 863 2123 ωΗ
879 2081 921 2111 10
947 2077 1042 2120 sylla
1067 2076 1178 2121 (silla)
1205 2091 1232 2110 ω
1245 2076 1256 2121 Η
1271 2080 1313 2110 13
1340 2077 1469 2119 dyoni-

135 2125 209 2159 sias
247 2125 372 2169 (dion.)
411 2126 530 2168 (01119
570 2125 668 2167 quod
706 2136 734 2158 c.
772 2124 921 2159 modum
959 2138 986 2157 ω
1024 2135 1111 2158 corr.
1145 2125 1256 2168 σ1126
1293 2123 1468 2157 uxoribus

135 2172 361 2206 HJMueller
382 2172 386 2215 Ι
408 2171 527 2205 vivere
561 2172 644 2205 add.
673 2172 784 2206 Hertz
816 2182 894 2205 esse
921 2181 942 2207 ς
974 2182 1023 2205 an
1053 2169 1159 2214 pati?
1190 2170 1253 2204 cfr.
1280 2169 1359 2204 Ter.
1387 2181 1467 2204 eun.

137 2223 181 2253 52
219 2218 299 2253 Seu.
333 2220 489 2251 controv.
516 2218 548 2250 Π
575 2222 605 2261 1,
632 2222 692 2260 373
719 2222 750 2260 2,
776 2221 797 2250 4
829 2218 912 2251 Luc.
940 2217 973 2251 V
999 2221 1065 2250 314
1093 2219 1097 2260 Ι
1127 2216 1240 2262 omni]
1273 2221 1313 2250 ut
1343 2217 1413 2251 vid.
1440 2219 1469 2249 A

138 2277 262 2300 omnes
289 2280 315 2299 ω
