1602 2484
683 48 806 89 1435
1361 41 1413 79 51

81 162 257 216 pecunia
290 159 420 213 ponit,
453 158 492 197 iu
527 157 662 209 (gratia
693 155 845 195 habet
878 153 1031 193 subicit
1060 166 1135 204 pro
1164 150 1328 200 debet3
1360 149 1419 188 ita

80 221 190 261 enim
236 219 353 259 dicit:
398 217 609 271 gratiam
649 218 810 254 autem
852 215 898 252 et
937 212 1019 264 qui
1059 210 1214 250 refert
1250 208 1418 257 habet,

81 283 128 320 et
154 279 238 331 qui
264 277 432 329 habet,
459 276 506 315 in
534 290 587 314 eo
616 274 743 326 ipso,
769 271 898 324 quod
926 270 1093 321 habet,
1120 268 1284 308 refert.
1337 264 1452 305 Sed7

80 339 121 379 id
166 338 338 378 verbum
383 335 534 375 habet
578 347 670 372 oum
718 331 934 384 proposita
978 327 1289 381 comparatione
1334 339 1420 364 non

46 416 60 439 5
84 398 184 438 satis
210 394 417 436 convenit.
474 392 643 432 Debitio
671 392 779 430 enim
809 389 979 442 ¹gratiae,
1010 402 1096 427 non
1121 385 1295 436 habitio,
1324 398 1418 424 cuni

28 709 61 734 10

32 1003 63 1029 15

82 456 258 510 pecunia
285 454 509 503 confertur,
535 454 660 502 atque
688 449 780 489 ideo
808 461 1066 499 consequens
1094 444 1261 497 quidem
1282 444 1421 483 fuerat

81 516 140 555 sie
165 515 317 554 dicere:
345 512 403 552 ‘et
428 511 501 563 qui
528 510 663 561 debet,
690 509 731 548 in
759 523 806 547 eo
835 508 939 559 ipse,
965 505 1077 558 quod
1098 504 1234 554 debet,
1259 500 1420 554 refert’3

81 574 151 614 sed
183 571 410 613 absurdum
443 573 485 610 et
516 569 640 608 nimis
673 569 864 607 muretum
896 566 1017 616 foret,
1050 564 1083 603 si
1116 562 1302 603 nondum
1332 560 1420 600 red-

81 633 210 673 ditam
243 631 420 686 gratiam
453 642 501 668 eo
535 628 626 680 ipso
659 626 862 666 redditam
897 623 1069 674 diceret,
1105 622 1203 674 quia
1234 620 1420 660 debetur.

80 691 310 732 Inmutavit
336 687 462 742 ergo‚'
490 686 628 739 inquit
655 683 858 724 tsubdidit
882 682 1056 723 verbum
1084 682 1120 721 ei
1142 680 1282 731 verbo,
1309 677 1455 731 quod&

81 750 296 801 omiserat,
330 747 570 797 finitimum,
602 747 648 785 ut
679 743 891 784 videretur
922 744 963 781 et
996 754 1163 780 sensum
1195 737 1421 778 debitionis

82 810 271 850 conlatae
296 821 382 847 non
408 805 625 857 reliquisse
652 806 694 843 et
719 801 1045 842 concinnitatem
1073 798 1303 838 sententiae
1326 796 1421 836 reti—

81 866 248 908 nuisse.'
304 864 371 905 Ad
400 864 513 904 huno
538 862 709 902 modum
736 860 963 900 Iulianus
990 857 1198 898 enodabat
1224 854 1421 895 diiudica-

82 927 237 978 batque
268 928 457 965 veterum
491 922 741 974 scriptorum
776 918 1021 969 sententias,
1057 930 1160 969 quas
1192 917 1295 968 aput
1327 928 1421 954 eum

83 986 371 1026 adulescentes
404 981 610 1033 de<leeti>
641 978 898 1019 lectitabant.

732 1072 771 1112 V

84 1148 188 1189 Quod
213 1145 478 1180 Demosthenes
509 1143 633 1176 rhetor
665 1141 765 1174 vultu
793 1139 953 1183 corporis
981 1139 1092 1181 atque
1118 1136 1253 1170 vestitu
1278 1134 1421 1179 probris

130 1194 288 1229 obnoxio
320 1191 524 1234 infamique
555 1188 740 1222 munditia
771 1187 859 1228 fuit;
892 1185 1064 1228 quodque
1090 1184 1179 1218 item
1204 1182 1423 1216 Hortensius

131 1244 253 1276 orator
285 1239 330 1273 ob
363 1237 543 1273 eiusmodi
568 1236 771 1269 munditias
797 1235 1015 1278 gestumque
1040 1232 1079 1264 in
1105 1231 1248 1275 agendo
1276 1228 1423 1262 histrio-

131 1289 253 1322 nicum
286 1286 485 1329 Dionysiae
521 1282 773 1317 saltatriculae
807 1281 1048 1325 cognomento
1082 1277 1323 1321 compellatus
1356 1277 1421 1310 est.

171 1359 544 1401 Demosthenen
570 1355 771 1396 traditum
799 1356 861 1394 est
886 1352 1041 1393 vestitu
1063 1354 1284 1402 ceteroque
1305 1349 1422 1389 cultu
1439 1358 1455 1387 1

85 1420 271 1473 eorporis
314 1417 449 1458 nitido
493 1417 754 1466 venustoque
799 1412 1007 1463 nimisque
1050 1412 1244 1450 accurato
1282 1408 1422 1447 fuisse.

85 1478 197 1519 Hinc
235 1478 272 1519 ei
303 1475 463 1529 (Aesch.
489 1475 535 1515 in
562 1474 600 1514 T
601 1474 666 1514 im.
695 1474 793 1525 131)
832 1471 882 1511 τὰ
916 1469 1062 1523 κομψὰ
1093 1469 1165 1509 illa
1197 1468 1424 1521 χλανίσκια

86 1541 128 1578 et
152 1536 334 1591 μαλακοὶ
361 1536 608 1589 χιτωνίσκοι
634 1532 685 1572 ab
712 1530 889 1571 aemulis
915 1528 1245 1579 adversar-iisque
1268 1525 1423 1579 probro

33 1615 64 1638 25
85 1597 198 1648 data,
235 1595 334 1635 hinc
372 1594 498 1634 etiam
535 1591 730 1644 turpibus
768 1588 1035 1642 indignisque
1074 1587 1118 1626 in
1155 1600 1250 1626 eum
1285 1584 1424 1624 verbis

85 1669 171 1695 non
194 1656 487 1707 temperatum,
513 1651 616 1704 quin
642 1663 789 1703 parum
816 1648 879 1688 vir
904 1649 946 1687 et
972 1660 1042 1686 ore
1068 1658 1236 1698 quoque
1259 1643 1424 1696 polluto

87 1713 304 1754 diceretur.

182 1820 222 1850 19
250 1816 365 1849 Amm.
388 1813 469 1848 XIV
490 1816 521 1855 6,
545 1816 585 1846 18
606 1810 721 1844 XVIII
737 1814 766 1851 Τ,
785 1814 801 1842 7
823 1808 922 1842 XXX
937 1812 968 1849 4,
987 1810 1027 1841 19
1155 1810 1197 1839 21
1221 1804 1320 1839 Suid.
1343 1816 1368 1837 s.
1391 1816 1421 1837 v.

88 1863 274 1898 Demosth.

181 1961 200 1991 8
233 1957 312 2002 sed]
338 1959 368 1989 A
393 1954 492 1998 quod
518 1968 544 1987 ω
568 1954 572 1997 Ι
595 1952 625 1986 si
656 1963 729 1985 non
754 1954 778 1984 P
798 1952 809 1993 Η
830 1953 871 1983 10
899 1948 1019 1994 subd]
1045 1950 1076 1980 A
1101 1948 1138 1981 et
1163 1946 1266 1980 subd.
1294 1960 1321 1979 ω
1347 1956 1425 1979 ver-

86 2005 190 2047 bum,
224 2003 390 2038 subdidit
423 2001 528 2046 Voyel
546 2002 557 2045 ss
579 2003 618 2034 11
651 1998 761 2032 nimis
793 1998 873 2031 erat
904 1997 925 2042 β
956 1995 1155 2029 omissurus
1188 1994 1268 2028 erat
1293 1994 1426 2038 Hagen

86 2051 306 2096 promiserat
338 2049 536 2094 Md9.1113
572 2045 762 2081 enudabat
792 2042 1103 2085 deiudicabatque
1136 2038 1423 2085 (ENVTABAT-

88 2098 182 2140 QVE
193 2100 235 2142 A)
250 2112 277 2131 co
290 2097 302 2143 Η
318 2100 360 2131 14
380 2095 507 2137 QVAE
522 2097 551 2127 A
563 2094 574 2140 ΙῙ
590 2097 631 2127 15
647 2090 917 2127 delectitabant
930 2104 957 2124 ω
971 2100 1059 2124 corr.
1076 2088 1124 2122 M
1125 2099 1183 2122 ms.
1196 2087 1208 2133 Η
1220 2091 1262 2121 19
1276 2085 1426 2120 histrio—

87 2157 175 2179 num
195 2159 221 2179 ω
241 2155 330 2179 corr.
351 2154 371 2177 σ
388 2145 400 2187 ΙΙ
419 2147 461 2176 21
483 2142 553 2186 est]
575 2144 603 2174 A
623 2142 660 2174 et
679 2153 705 2174 ω
725 2141 737 2183 Η
757 2142 799 2172 ‘22
820 2137 933 2171 fuisse
953 2136 1103 2170 incerta.
1150 2133 1425 2168 ΚΟΜΨὰΙιΙ-ὰ-
1447 2159 1451 2163 .

89 2186 807 2226 (ὶΛὰΙΝΙΕΚὰΕΤΜὰὰΚὰΙΧΙΤωΝΙΟΚΟΙ.
854 2183 1034 2218 baemulis
1059 2186 1085 2216 P
1110 2185 1143 2217 et
1166 2182 1239 2224 fere
1263 2184 1305 2223 V,
1330 2181 1371 2214 ι’νι
1395 2183 1425 2213 A

90 2236 425 2282 (FVISSETHINC)
452 2240 483 2271 et
507 2239 547 2277 R,
580 2235 642 2278 qui
671 2233 809 2268 Graeca
835 2243 914 2273 om,
940 2230 1043 2266 valde
1068 2233 1255 2272 corrupta,
1287 2238 1375 2261 corr.
1403 2237 1437 2264 ς-

89 2286 201 2320 Hertz
220 2287 231 2330 11
252 2289 293 2319 26
321 2296 402 2318 eum
423 2283 614 2327 Scioppius

1166 2334 1212 2368 4*
