1602 2484
716 67 728 99 Ι
758 70 796 100 11
1373 78 1428 117 453

90 169 291 210 vientium
345 171 513 212 delicias
564 175 864 217 csmviviorum.
944 178 1021 219 Sed
1074 181 1184 221 enim
1236 181 1428 225 Achaeos
1466 200 1485 227 s

90 226 335 269 Homerus
373 230 445 281 (Il.
473 231 555 272 III
576 236 622 275 3)
661 249 845 287 pugnam
886 237 1077 290 indipisci
1118 240 1177 280 ait
1215 256 1299 281 non
1338 244 1426 283 fidi-

89 287 276 328 cularum
310 289 606 343 tibiarumque,
639 294 709 333 sed
742 295 945 335 mentium
980 298 1300 352 animorumque
1330 316 1425 343 con-

88 349 211 386 centu
245 348 570 402 conspiratuque
603 352 731 392 tacito
766 354 1027 396 nitibundos:

51 443 65 468 5
145 429 195 469 oc
229 427 266 469 δ’
311 428 383 483 ἄρ’
429 435 545 472 ἴσαν
583 441 700 488 σιγῇ
738 434 890 488 μένεα
928 440 1195 489 πνείοντες
1228 439 1427 496 Ἀχαιοί

145 487 198 528 ἐν
228 492 375 544 θυμῷ
407 499 664 544 μεμαῶτες
696 492 937 548 ἀλεξέμεν
970 497 1286 551 ἀλλήλοισιν.

172 568 280 618 Quid
324 572 394 612 ille
436 574 527 613 vult
564 575 880 617 ardentissimus
919 580 1079 620 clamor
1116 583 1298 623 militum
1338 584 1420 625 Ro·
1459 597 1478 626 9

84 642 321 682 manorum,
353 645 476 683 quem
510 633 554 672 111
585 636 879 687 congressibus
913 640 1167 690 proeliorum
1202 643 1291 682 fieri
1325 644 1419 684 soli-

80 689 171 727 tum
210 689 433 742 scriptores
466 692 680 733 annalium
714 702 1026 738 memoravere?
1071 703 1269 741 contrane
1302 702 1418 743 insti—

27 761 61 786 10
80 748 219 786 tutum
258 748 387 789 fiebat
425 751 622 803 antiquae
661 753 905 807 disciplinae
944 759 1028 796 tani
1070 759 1319 810 probabile?
1364 777 1418 802 an

78 807 168 845 tum
207 809 248 846 et
286 808 417 861 gradu
457 810 651 851 clementi
691 815 732 852 et
771 814 938 854 silentio
977 819 1040 856 est
1075 831 1199 869 opus,
1237 833 1331 859 cum
1365 821 1416 861 ad

77 862 240 904 hostem
280 866 365 906 itur
395 867 439 907 in
471 873 698 922 conspectu
730 872 964 926 longinquo
997 877 1145 927 procul
1178 877 1416 932 distantem,

77 936 170 963 cum
205 938 302 965 vero
330 940 461 979 prope
487 928 538 967 ad
565 943 713 969 manus
740 934 911 972 ventum
939 936 1013 986 est,
1045 937 1135 975 tum
1162 936 1244 976 iam
1273 952 1293 977 e
1320 952 1413 990 pro-

75 981 235 1034 pinquo
273 983 406 1025 hostis
439 988 480 1026 et
512 987 672 1040 inipetu
705 991 1014 1043 propulsandus
1047 997 1089 1034 et
1120 995 1301 1036 clamore
1334 1000 1412 1037 ter-

22 1056 53 1081 15
74 1040 226 1081 rendus
259 1043 349 1083 est?

160 1099 270 1141 Ecce
313 1105 453 1143 autem
492 1118 566 1157 per
603 1106 793 1147 tibicinia
830 1108 1038 1151 Laconica
1076 1112 1204 1153 tibiae
1243 1128 1469 1167 quoquelo

71 1158 185 1199 illius
219 1161 503 1203 contionariae
536 1164 579 1204 in
604 1168 787 1206 mentem
815 1169 942 1221 venit,
968 1184 1093 1221 quam
1122 1170 1163 1211 C.
1187 1170 1409 1214 Graccho

71 1231 166 1257 cuni
204 1221 363 1272 populo
396 1224 546 1275 agente
578 1225 760 1276 praeisse
792 1240 840 1266 ac
872 1230 1232 1280 praeministrasse
1265 1233 1408 1273 modu-

69 1276 133 1316 los
165 1277 315 1318 ferunt.
374 1278 455 1320 Sed
481 1296 747 1335 nequaquam
775 1285 834 1326 sic
860 1289 934 1339 est,
965 1290 1013 1328 ut
1038 1303 1062 1328 a
1088 1290 1216 1344 vulgo
1243 1291 1408 1345 dicitur7
1424 1305 1463 1333 11

17 1350 50 1374 20
70 1348 216 1376 canere
248 1337 354 1377 tibia
386 1339 576 1393 solitum,
615 1343 686 1394 qui
719 1357 828 1396 pone
861 1359 956 1385 euni
988 1347 1231 1399 loquentem
1266 1353 1407 1403 staret,

68 1395 165 1447 <et>
197 1396 322 1436 variis
355 1398 490 1438 modis
519 1402 609 1440 tum
637 1401 871 1444 demulcere
898 1405 1085 1446 animum
1112 1408 1405 1462 actionemque

66 1453 168 1506 eius,
199 1457 288 1495 tum
322 1456 547 1499 intendere.
605 1458 714 1508 Quid
746 1462 857 1502 enim
889 1463 999 1504 foret
1030 1465 1111 1505 ista
1139 1481 1182 1507 re
1208 1466 1461 1522 inePtius712

66 1512 118 1564 si,
149 1515 197 1553 ut
227 1514 441 1568 planipedi
474 1517 656 1571 saltanti,
688 1520 747 1560 ita
780 1519 1002 1563 Graccho
1035 1526 1296 1567 contionanti
1328 1542 1402 1568 nu—

65 1584 201 1612 meros
233 1575 275 1613 et
303 1574 450 1615 modos
477 1579 518 1616 et
543 1576 908 1630 frequentamenta
935 1583 1139 1634 quaedam
1166 1585 1280 1625 varia
1306 1587 1401 1627 tibi—

11 1644 43 1669 25
64 1642 140 1669 cen
169 1631 401 1673 incineret?
459 1632 540 1675 Sed
572 1637 644 1688 qui
675 1636 757 1678 hoc
783 1642 1039 1693 compertius
1066 1645 1292 1684 memoriae
1319 1648 1399 1686 tra-
1416 1656 1457 1686 13

63 1688 274 1743 didenmt,
313 1693 477 1733 stetisse
515 1694 559 1734 in
597 1696 966 1740 circumstantibus
1005 1701 1150 1742 dicunt
1182 1704 1400 1757 occultius,

62 1748 133 1799 qui
165 1748 307 1789 fistula
335 1750 451 1791 brevi
478 1753 631 1794 sensim
658 1756 971 1809 graviusculum
999 1773 1148 1800 sonum
1175 1762 1399 1815 inspiraret

60 1805 112 1845 ad
143 1808 454 1860 reprimendum
488 1811 801 1867 sedandumque
830 1816 998 1869 inpetus
1025 1820 1139 1859 vocis
1166 1820 1254 1860 eius
1281 1821 1396 1862 effer-

59 1869 291 1921 vescentes3
322 1882 503 1922 namque
535 1871 706 1924 inpulsu
739 1876 780 1914 et
810 1875 1013 1917 instinctu
1046 1881 1244 1920 extraneo
1276 1883 1395 1922 natu-
1412 1891 1453 1921 14

152 1995 194 2026 16
210 2004 286 2037 sqq.
308 1994 388 2030 Val.
404 1996 499 2030 MaX.
515 1996 599 2031 VIII
616 2002 668 2042 10,
686 2004 702 2033 1
727 1999 849 2041 Quint.
865 2001 881 2034 I
897 2005 950 2045 10,
966 2006 1009 2037 27
1023 2003 1118 2038 Plut.
1135 2005 1187 2040 Ti.
1204 2006 1356 2042 Gracch.
1372 2012 1391 2042 2

57 2037 101 2071 de
127 2038 183 2072 ira
209 2040 327 2075 cohib.
351 2046 370 2076 6
396 2042 466 2077 Dio
493 2043 589 2079 Cass,
611 2045 653 2080 fr.
676 2050 731 2090 84,
753 2051 772 2081 2
793 2048 839 2082 M.
866 2050 983 2084 Amm.
1005 2050 1105 2085 XXX
1125 2057 1157 2094 4,
1180 2057 1221 2087 19

149 2159 168 2189 2
188 2156 377 2193 homerum
390 2164 453 2193 PV
469 2161 472 2207 j
489 2161 670 2207 incepisse
686 2164 907 2201 Cornelissen
920 2168 932 2213 11
946 2171 965 2201 3
987 2169 1050 2202 sed
1070 2182 1115 2204 m.
1133 2172 1206 2217 an]
1222 2173 1244 2217 β
1256 2183 1321 2206 om.
1338 2187 1365 2206 ω
1379 2173 1391 2218 Η

56 2205 97 2235 19
123 2201 261 2250 ferunt]
288 2206 416 2241 dicunt
435 2211 465 2241 R
484 2210 495 2253 ΙΙ
515 2212 557 2242 20
591 2212 707 2245 staret
737 2213 775 2245 et
794 2214 907 2248 Hertz
927 2216 974 2259 (σ)
1000 2217 1096 2251 stare
1118 2232 1144 2251 ω
1164 2220 1176 2262 Η
1196 2222 1239 2252 22
1265 2219 1389 2254 incen-

53 2248 138 2283 dere
159 2261 178 2286 ς
201 2250 207 2297 Ι
227 2251 300 2286 ista
324 2254 378 2299 re]
400 2259 421 2288 ς
450 2256 546 2290 stare
566 2271 593 2291 ω
613 2260 623 2301 {1
644 2262 687 2292 28
714 2258 1018 2303 Effflerueseente
1037 2263 1196 2307 (Referu.
1217 2267 1259 2310 R)
1285 2276 1388 2300 nam-

51 2306 123 2339 que
148 2311 176 2331 ω
201 2309 288 2333 corr.
313 2301 421 2342 Mne&
