1591 2474
141 60 253 95 XLIV
674 61 941 95 PRAEFATIO

144 173 325 209 Verrium
364 186 431 210 nec
471 173 573 222 apud
611 173 708 209 alios
747 173 954 221 scriptores
993 175 1146 221 praeter
1178 172 1346 210 Gellium
1382 175 1479 212 eius-

146 244 219 279 que
252 232 405 268 simiam
433 232 604 271 Nonium
636 232 859 268 inveniatur
889 244 959 268 nec
990 233 1288 281 grammaticum
1320 234 1480 269 tertium

145 291 406 339 fragmentum
443 290 633 335 redoleat,
671 290 744 327 hoc
781 292 899 338 caput
934 292 1061 326 totum
1100 292 1138 326 in
1174 290 1289 328 Gellii
1326 291 1481 329 officina

145 348 355 385 conflatum
393 349 547 385 videtur
577 369 624 373 -—
656 350 680 384 4
717 347 864 385 Similis
902 360 962 385 res
1002 351 1060 385 est
1097 352 1214 397 atque
1245 349 1283 386 II
1312 351 1378 398 23,
1416 350 1480 387 ubi

146 407 233 444 vide
257 428 304 432 —
331 409 354 443 5
389 411 430 444 e'x
464 408 650 444 Favorini
677 407 938 457 Πυρρωνείων
969 406 1122 457 τρόπων
1147 407 1257 445 libris
1284 406 1374 457 (Me.
1398 410 1478 445 676

146 466 215 503 Ru.
245 462 360 517 55⁴)1)
386 487 433 490 —
461 467 482 501 6
518 478 560 503 ex
593 466 780 502 Varronis
813 468 881 502 aut
912 479 983 502 rer.
1017 467 1134 502 divin.
1165 466 1255 502 XIV
1289 467 1378 517 (Ru.
1408 463 1480 519 24)

145 528 213 561 aut
239 525 284 561 de
308 526 390 561 vita
410 526 479 561 aut
499 524 544 561 de
565 526 680 574 gente
700 525 835 573 populi
856 525 1022 561 Romani
1043 522 1133 575 (Me.
1155 525 1258 574 apud
1278 525 1481 563 Hertzium

145 583 192 619 ad
225 581 249 631 ξ
278 578 320 635 5)
346 604 394 607 —
421 585 441 619 7
482 584 647 620 foitasse
685 596 729 620 ex
760 579 924 620 Verrio²
924 584 941 631 )
968 604 1013 608 —
1041 585 1063 620 9
1104 597 1196 620 num
1231 597 1274 621 ex
1309 584 1481 622 Critolao

143 642 240 690 ipso,
267 642 457 679 incertum
482 642 632 680 iudicat
652 642 721 678 Ru.
745 643 787 689 5·
819 641 867 678 ab
894 642 1039 690 eodem,
1066 656 1142 690 quo
1163 642 1259 678 VIII
1282 644 1318 690 9,
1344 644 1483 692 opinor

148 722 193 724 —
236 702 286 737 15
320 713 364 737 ex
397 700 578 737 Terentio
612 700 757 738 Scauro
796 703 834 737 et
866 700 1040 749 Sulpicio
1073 701 1316 804 Apollinare
1339 703 1401 738 vel
1437 715 1480 739 ex

145 759 217 796 hoc
251 759 333 796 solo
367 754 458 810 (Me.
488 759 569 796 658
586 771 641 807 sq.
673 759 739 796 Kr.
769 761 840 807 943
875 760 946 807 983
982 761 1060 796 107
1102 760 1171 796 Ru.
1201 755 1316 811 2())3)
1301 805 1307 812 l
1342 780 1389 785 —
1417 762 1481 809 18,

147 819 286 854 1-15
327 830 370 854 ex
401 818 592 865 Masurio,
631 819 692 855 cui
729 819 807 855 tria
845 817 1050 855 subiuncta
1088 820 1178 855 sunt
1216 819 1483 857 addita-menta

145 890 187 913 ex
226 877 411 914 Aristone
456 879 494 914 et
533 876 680 914 Catone
724 878 762 914 et
806 877 938 914 eodem
980 879 1024 913 ut
1061 876 1215 913 videtur
1252 890 1328 925 quo
1367 880 1483 915 autea

144 935 307 972 Masurii
332 935 431 973 libro
457 938 551 972 nata
578 932 658 986 (Di.
687 936 758 982 433
786 937 838 972 45
867 936 953 972 adn.
982 936 1055 972 87³
1084 936 1153 972 Ru.
1183 936 1235 972 68
1268 936 1338 972 Ne.
1368 932 1481 988 268).

232 994 306 1030 XII
335 995 357 1030 ἵ.)
392 1007 435 1031 ex
463 993 609 1031 Seneca
636 995 660 1031 1.
687 995 710 1031 l.
745 994 834 1046 (Me.
864 995 959 1041 645,
992 995 1058 1031 cfr.
1082 994 1148 1031 ΚΥ.
1171 989 1287 1046 80)4)
1314 1015 1360 1019 —
1387 996 1410 1031 3
1437 1008 1481 1033 ex

146 1053 287 1103 Valgio
313 1053 338 1089 l.
364 1053 388 1089 l.
423 1055 461 1090 et
490 1052 632 1089 Tirone
660 1048 743 1095 (ΚΥ.
774 1053 845 1099 64;
874 1047 988 1105 68)5)
1014 1073 1061 1077 -
1088 1055 1111 1089 4⁴
1146 1066 1189 1090 ex
1216 1053 1404 1091 Varronis
1436 1054 1482 1091 de

145 1113 270 1159 poetis
302 1112 402 1148 libro
429 1112 446 1147 I
474 1111 557 1162 (ΚΓ.
587 1113 659 1159 413
687 1106 803 1163 52)‘³)
829 1133 876 1136 —
904 1113 926 1148 5
955 1124 998 1148 ex
1026 1111 1146 1148 Tauri
1177 1110 1262 1163 περὶ
1292 1117 1359 1161 τῆς
1384 1110 1482 1150 ἀπα-

144 1170 255 1216 θείας
291 1175 365 1207 τῶν
397 1172 575 1208 Στοϊκῶν
608 1166 697 1221 (Ru.
726 1166 841 1222 51)⁷')
870 1191 917 1195 -—
949 1172 969 1207 7
1005 1173 1044 1207 et
1077 1171 1099 1206 8
1134 1184 1178 1207 ex
1209 1171 1367 1207 Valerio
1401 1171 1481 1208 Ma-

144 1230 247 1266 ximo
281 1226 371 1278 (Me.
400 1230 483 1265 670
515 1229 586 1265 Ru.
615 1224 731 1281 41)⁸)
754 1250 807 1255 -—
831 1230 853 1266 9
888 1242 937 1265 an
970 1242 1013 1266 ex
1046 1228 1200 1266 Probo?
1232 1231 1297 1267 cfr.
1325 1229 1399 1266 VII
1431 1231 1480 1267 16

240 1356 272 1387 1‘1
299 1352 407 1386 Haud
437 1352 607 1386 dissimili
635 1354 850 1396 argumento
877 1354 981 1386 erant
1007 1352 1177 1386 Favorini
1202 1353 1285 1386 libri
1312 1355 1393 1396 πὲρὶ
1421 1358 1484 1397 τῆς

146 1403 414 1443 κιιταληπτικῆς
440 1398 646 1443 φαντασίας
673 1399 810 1443 aliique
837 1398 988 1443 (Marres
1016 1403 1059 1433 89
1075 1401 1177 1443 sqq).

239 1451 272 1484 2)
300 1446 369 1480 cfr,
386 1446 497 1480 Goetz
512 1446 643 1490 fragm.
659 1446 817 1480 Plautin.
836 1450 900 1480 193
916 1446 989 1479 ind.
1005 1446 1143 1480 lenens.
1157 1447 1282 1480 aestiv.
1299 1451 1386 1481 1893
1402 1447 1481 1491 p.V.

238 1499 272 1538 3)
299 1493 368 1527 Cfr.
391 1492 502 1527 Goetz
527 1493 625 1537 apud
644 1493 953 1536 Pauly-Wissow.
975 1493 1024 1527 III
1043 1505 1077 1537 p.
1101 1497 1200 1530 1306.

238 1546 272 1584 4)
298 1541 467 1574 Fortasse
508 1542 648 1581 tamen,
694 1540 780 1574 dum
816 1540 894 1584 ipse
933 1540 1113 1574 incessere
1150 1541 1311 1584 videtur,
1355 1541 1483 1586 lingua

144 1588 392 1632 praeceptoris
412 1587 605 1621 Frontonis
632 1587 840 1631 increpitat,
867 1587 930 1631 qui
953 1587 1082 1621 eadem
1103 1588 1303 1622 acerbitate
1324 1586 1482 1622 Senecae

144 1635 393 1678 eloquentiam
425 1634 598 1668 mollibus
631 1636 667 1668 et
692 1633 922 1668 febriculosis
948 1634 1137 1677 prunuleis
1163 1634 1312 1668 insitam
1339 1637 1482 1668 00111011-

143 1683 288 1724 tiasque
314 1681 491 1715 tolutares
515 1681 697 1725 verbaque
718 1680 927 1715 effeminate
947 1681 1100 1715 fluentia
1119 1682 1323 1725 proscindit
1342 1694 1375 1726 p.
1399 1686 1482 1723 1553

146 1732 211 1763 158
231 1728 275 1763 N.
327 1727 397 1763 Cfr.
431 1728 543 1762 etiam
575 1727 714 1762 Gercke
741 1728 1013 1763 Seweeaswdoesseu
1048 1728 1224 1762 Fleckeis.
1253 1740 1333 1762 ann.
1362 1729 1481 1773 suppl.

144 1775 243 1809 XXII
264 1777 382 1819 (1896)
401 1787 434 1819 p.
459 1779 523 1809 142
539 1777 621 1819 00ᾳρ

239 1824 272 1866 ὃ)
299 1822 352 1855 Ex
377 1822 506 1856 Verrio
532 1821 598 1856 Ne.
621 1826 697 1856 227.
750 1821 877 1866 Caper,
904 1822 966 1864 qui
993 1824 1087 1855 teste
1114 1822 1236 1856 Servio
1263 1823 1303 1856 A.
1329 1822 1394 1855 XII
1418 1826 1482 1856 120

146 1871 268 1904 limma
283 1869 447 1914 Vergilio
469 1869 692 1903 obtrudebat
713 1880 794 1902 cum
808 1868 967 1913 Hygino,
994 1869 1040 1902 ad
1054 1869 1213 1902 Probum
1233 1869 1354 1912 ducat,
1375 1880 1482 1913 quem

147 1928 227 1949 cum
255 1916 387 1950 Tirone
420 1916 690 1959 quodammodo
723 1916 979 1950 cohaerentem
1011 1916 1059 1949 ad
1085 1915 1116 1949 X
1144 1920 1184 1949 21
1212 1915 1386 1958 vidimus,
1419 1917 1482 1950 sed

145 1963 278 1997 melius
305 1963 375 1996 erit
399 1963 437 1996 in
462 1962 689 2001 nominibus,
717 1973 811 2006 quae
837 1962 976 1996 Gellius
1002 1962 1157 2006 profert,
1185 1962 1425 2005 acquiescere.

239 2011 271 2053 6)
300 2009 369 2043 cfr.
396 2009 518 2044 Mentz
549 2010 606 2044 De
631 2010 766 2044 Stilone
792 2014 846 2043 24.
896 2009 1031 2043 Versus
1063 2009 1173 2043 Ennii
1204 2020 1226 2043 a
1252 2008 1369 2044 Gellio
1402 2010 1482 2054 ipso

145 2057 293 2090 additos
319 2067 397 2090 esse
423 2057 478 2090 Fr.
501 2060 566 2090 541
594 2057 811 2099 1111131ςοοᾶ
840 2056 1037 2100 ‘picturam
1063 2057 1173 2090 istam
1198 2067 1339 2090 morum
1366 2059 1402 2090 et
1427 2057 1481 2089 in-

145 2103 260 2147 genii'
288 2105 406 2136 totam
432 2104 531 2146 apud
558 2103 735 2137 Stilonem
761 2103 894 2137 lectam
920 2103 1033 2137 fuisse
1058 2114 1205 2137 necesse
1231 2105 1295 2137 est.

153 2147 156 2148 ⁷
240 2152 272 2194 7)
299 2150 351 2183 Ex
378 2150 506 2184 eodem
532 2150 650 2191 fonte
677 2161 748 2192 quo
774 2150 790 2183 I
810 2154 853 2184 26
880 2150 961 2183 XIX
984 2154 1000 2183 1
1029 2149 1093 2184 Ne
1117 2153 1193 2183 258.

240 2190 274 2240 8>
302 2196 371 2231 Cir
398 2196 509 2230 Hertz
536 2197 618 2230 adn.
645 2197 692 2230 ad
720 2208 747 2231 c
770 2201 790 2231 8
810 2197 890 2230 init.
942 2196 1030 2230 Cum
1057 2196 1196 2231 Gellius
1222 2199 1258 2230 et
1284 2196 1321 2229 in
1348 2208 1375 2229 c.
1401 2200 1417 2229 7
1445 2199 1482 2230 et

145 2244 182 2277 in
215 2247 235 2277 8
268 2243 416 2278 Valeiio
449 2243 629 2287 ampliora
660 2243 853 2287 praebeat,
887 2243 1069 2277 communi
1101 2243 1232 2287 prioris
1265 2242 1343 2276 aevi
1376 2242 1481 2284 fonti,

145 2291 292 2335 Hygino
331 2290 387 2324 vel
419 2289 573 2334 Nepoti,
612 2301 759 2324 causam
798 2273 1081 2324 concordantiae
1113 2290 1368 2334 imputandam
1404 2300 1482 2323 esse
