1617 2484
29 737 61 762 10

28 1031 59 1055 15

26 1347 59 1370 20

26 1638 59 1663 25

26 1989 61 2014 30

655 87 684 120 Χ
714 91 773 127 a&
802 91 843 120 27
1336 88 1421 128 375

84 194 230 246 fretus,
277 195 347 247 qui
395 197 544 234 terrani
593 193 779 235 Afric-am
824 194 1159 248 Hispaniamque
1205 195 1422 245 interfluit,

81 252 392 307 elegantissime
432 253 807 307 ‘transgressionis’
848 253 1073 305 vocabulo,
1112 254 1231 306 quasi
1271 267 1421 306 pauco-

83 325 173 351 rum
208 312 412 365 graduum
447 312 643 364 spatium,
676 312 848 352 definita
881 313 946 352 sit.
1010 311 1091 360 Qui
1124 312 1418 352 auctoritatem

80 371 219 410 autem
273 370 491 423 requirunt
542 372 582 409 et
627 374 782 423 negant
826 371 985 411 dictum
1032 370 1225 425 ‘ingredi'
1273 371 1421 411 ‘trans-

82 428 267 481 gredi've
295 428 336 468 in
359 428 669 483 navigantibus,
697 430 792 469 volo
814 430 875 469 uti
896 429 1189 482 respondeant,
1216 432 1418 483 quantum

81 487 321 527 existiment
357 487 556 527 interesse
590 487 783 542 ‘ingredi’
818 490 944 541 atque
972 487 1231 528 ‘ambulm-e’.
1287 487 1418 541 Atqui
1460 505 1477 525 .-

81 544 202 585 Gato
243 545 285 585 in
323 545 431 585 libro
470 546 525 586 de
565 560 612 585 re
651 547 843 586 rustica
881 546 933 597 (I
951 550 1014 591 .³›‘):
1060 546 1243 587 fundus
1283 547 1421 600 inquit

80 618 134 643 eo
176 603 222 644 in
261 605 370 643 loeo
411 604 667 644 habendus
702 608 792 657 est,
831 607 883 644 ut
915 608 962 645 et
995 605 1230 658 oppidum
1266 620 1421 658 prope

80 663 297 715 amplum
337 663 403 702 sit
442 665 488 702 et
521 677 652 703 mare
685 665 767 703 aut
800 664 978 714 amnis,
1017 678 1109 715 qua
1143 678 1292 704 naves
1326 679 1421 703 am-

82 721 270 761 bulant.

169 777 390 832 Appetitas
442 794 568 832 porro
622 779 911 820 huiuscemodi
961 781 1258 821 translationes
1306 780 1421 820 habi-
1461 797 1468 823 ε

80 839 227 891 tasque
272 852 360 878 esse
405 851 480 890 pro
527 838 859 878 honestamentis
905 838 1108 878 orationis
1152 839 1420 879 Lucretius

80 910 248 949 quoque
299 896 591 936 testimonium
643 896 685 936 in
730 897 807 937 hac
852 897 996 936 eadem
1041 911 1142 937 voce
1186 897 1298 938 dicit.
1373 896 1422 937 In

80 957 260 1007 quarto
306 955 417 995 enim
463 954 594 994 libro
637 954 904 995 clamorem
944 970 1018 1008 per
1055 956 1228 996 arterias
1267 959 1308 996 et
1347 971 1421 1009 per

79 1014 220 1054 fauces
253 1013 566 1067 gradientem
596 1014 708 1065 dicit,
741 1013 854 1067 quod
881 1016 943 1054 est
969 1014 1101 1054 nimio
1129 1014 1421 1066 confidentius,

81 1085 207 1125 quam
246 1071 348 1111 illud
390 1072 439 1112 de
478 1071 654 1112 navibus
695 1071 1075 1112 Sallustianum.
1138 1071 1297 1113 Versus
1329 1072 1419 1112 Lu-

80 1131 206 1171 creti
238 1130 282 1170 hi
315 1133 412 1171 sunt
445 1130 673 1182 (IV526):

139 1203 400 1253 praeterea
432 1196 563 1241 radit
597 1215 687 1241 vox
722 1202 892 1241 fauces
926 1215 1089 1254 saepe,
1122 1201 1349 1254 facitque

138 1258 397 1312 asperiora
429 1259 563 1299 foras
597 1258 833 1313 gradiens
865 1260 1053 1300 arteria
1086 1259 1283 1300 clamor.

168 1328 396 1382 Propterea
435 1328 713 1370 Sallustius
759 1330 801 1369 in
845 1329 1014 1369 eodem
1054 1328 1186 1369 libro
1224 1344 1311 1370 non
1349 1343 1420 1370 eos
1439 1344 1479 1372 10

79 1388 235 1439 solum,
273 1388 346 1441 qui
378 1387 557 1428 navibus
590 1387 858 1439 veherentur,
897 1388 968 1428 sed
1000 1390 1042 1427 et
1073 1387 1285 1441 scaphas
1319 1403 1421 1441 quo-

79 1461 160 1499 que
192 1449 340 1487 nantes
373 1460 669 1500 progressas
702 1445 815 1486 dicit.
872 1445 1013 1486 Verba
1045 1447 1137 1499 ipsa
1170 1446 1220 1487 de
1253 1446 1419 1500 scaphis

79 1505 202 1558 posui
234 1504 350 1557 (hist.
374 1504 479 1545 Ios
500 1504 600 1557 My:
640 1504 821 1544 Earum
855 1504 984 1545 aliae
1016 1504 1276 1558 paululum
1308 1520 1420 1558 pro-

79 1577 279 1617 gressae
315 1563 470 1604 nimio
504 1563 654 1604 simul
687 1566 733 1604 et
765 1564 961 1604 incerto
995 1577 1160 1615 onere,
1198 1577 1305 1604 cum
1338 1578 1419 1617 pa—

79 1635 167 1661 vor
199 1635 410 1675 corpora
443 1622 746 1676 agitaverat,
781 1621 1206 1675 deprimebantur.

669 1725 832 1767 XXVII

80 1794 244 1829 Historia
270 1795 315 1828 de
340 1794 477 1839 populo
505 1795 669 1828 Romano
696 1795 815 1838 deque
841 1795 978 1839 populo
1005 1793 1181 1838 Poenico,
1214 1795 1313 1838 quod
1340 1796 1421 1839 pari

127 1841 393 1886 propemodum
419 1841 544 1886 vigore
571 1841 709 1875 fuerint
734 1841 881 1876 aemuli.

167 1911 217 1953 In
253 1914 446 1954 litteris
485 1913 741 1954 veteribus
773 1914 977 1954 memoria
1008 1917 1162 1966 exstat,
1201 1914 1314 1968 quod
1346 1929 1422 1968 par
1462 1928 1477 1956 1

80 1972 293 2026 quondam
331 1972 414 2012 fuit
450 1972 573 2026 vigor
609 1974 650 2012 et
688 1972 877 2013 acritudo
916 1971 1238 2026 amplitudoque
1273 1973 1420 2027 populi

177 2079 193 2109 1
221 2075 317 2109 fretu
337 2078 393 2108 ΒΖ
420 2075 505 2109 freti
527 2089 553 2108 ω
579 2086 667 2109 θοι-κ)
691 2076 754 2110 Gr.
775 2077 826 2119 116
852 2075 1030 2110 interesse
1056 2076 1153 2110 inter
1178 2076 1271 2120 ingr.
1292 2078 1331 2110 et
1351 2077 1417 2110 Π

80 2123 120 2156 at
143 2122 234 2165 quin
260 2125 316 2155 ΒΖ
343 2123 454 2165 atque
481 2123 595 2155 OHx
621 2122 678 2155 At.
700 2121 747 2155 Μ
768 2125 798 2154 Ν
817 2124 828 2165 ΙΙ
849 2126 866 2155 7
895 2123 964 2156 tito
986 2126 1012 2160 Q
1037 2123 1107 2157 tito
1133 2123 1224 2157 liuio
1246 2122 1291 2160 α’
1312 2124 1317 2166 Ι
1339 2123 1422 2157 fun-

81 2169 149 2203 dus
175 2189 220 2194 —
246 2170 286 2202 ut
312 2170 350 2203 et
374 2179 444 2202 non
472 2169 573 2212 apud
601 2169 676 2203 Cat.
703 2173 846 2203 eoestant
875 2170 886 2213 Η
918 2173 938 2203 8
972 2169 1135 2204 xalidum
1161 2180 1276 2214 prope
1304 2170 1392 2205 Cato
1410 2172 1422 2214 11

81 2219 101 2249 9
121 2226 217 2250 naue
236 2218 261 2248 B
281 2218 291 2259 Ιῑ
314 2219 356 2249 18
376 2214 493 2249 tradit
512 2215 683 2258 (tradidit
701 2217 737 2259 Ζ)
756 2229 782 2249 ω
803 2216 910 2260 pauit
928 2217 1026 2251 Non.
1046 2218 1058 2260 Η
1081 2220 1121 2250 19
1142 2227 1273 2261 aspera
1292 2217 1391 2252 Nou.
1410 2218 1422 2261 ΙΙ

81 2265 126 2296 20
151 2273 194 2297 eo
221 2262 351 2296 ΟΠΧι
377 2272 461 2295 eum
483 2264 600 2305 21123
626 2261 779 2306 paulum
804 2263 918 2297 nimio
945 2275 1065 2308 progr.
1092 2263 1190 2298 inter
1215 2275 1298 2297 cum
1323 2263 1420 2297 sicco

81 2320 189 2343 onere
215 2309 313 2344 codd.
337 2309 432 2344 Non.
453 2310 465 2351 Π
486 2312 528 2342 29
554 2308 659 2343 libris
678 2312 710 2342 X
