1611 2474
154 46 239 87 306
720 46 804 80 VHI
830 50 918 80 3-7

242 153 299 194 Et
343 153 517 194 adsiduo
560 153 807 194 oscitantem
852 152 958 194 vidit
1000 157 1125 207 atque
1169 154 1283 194 illius
1322 154 1490 207 quidem

156 212 474 253 delicatissimas
507 212 661 252 mentis
694 214 735 252 et
767 212 954 264 corporis
984 211 1330 253 halucinationes.

795 326 855 367 IV

245 411 355 455 Quod
386 412 673 459 Herodotus,
713 412 879 461 scriptor
915 412 1101 450 historiae
1132 414 1491 461 memoratissimus,

154 483 295 519 parum
340 483 428 507 vere
467 470 607 507 dixerit
638 470 658 516 (
665 471 727 508 VI
749 471 822 517 37)
860 483 981 507 unam
1018 471 1216 519 solamque
1253 472 1389 520 pinum
1431 484 1490 509 ar·
1529 485 1545 510 5

155 529 292 565 borum
315 529 488 565 omnium
515 541 666 566 caesam
691 541 904 576 numquam
930 529 1054 566 denuo
1076 542 1120 566 ex
1140 530 1277 567 iisdem
1296 530 1491 567 radicibus

155 587 368 635 pullulare3
401 588 439 623 et
471 587 575 634 quod
606 587 700 624 item
732 586 896 634 (1122)
928 587 973 624 de
1006 600 1108 635 aqua
1138 588 1304 635 pluviali
1336 590 1375 625 et
1402 589 1491 625 nive

154 658 237 682 rem
267 658 344 682 non
376 645 471 682 satis
505 645 747 693 exploratam
779 659 848 694 pro
881 648 1078 694 comperta
1109 647 1291 694 posuerit.

805 757 845 799 V

246 841 348 886 Quid
376 843 475 879 illud
502 844 564 891 sit,
596 843 701 891 quod
727 842 971 893 Vergilius
999 843 1066 890 (A.
1088 844 1185 880 XII
1201 844 1302 891 407)
1331 841 1493 881 ‘caelum
1513 857 1547 881 1ο

157 904 259 937 stare
286 898 475 948 pulvere’,
508 903 545 938 et
572 901 674 949 quod
700 901 914 939 Lucilius
941 902 1118 948 (V3M.
1149 904 1232 939 148
1246 903 1314 949 B.)
1341 898 1492 950 ‘pectus

157 959 328 996 sentibus
362 957 479 996 stare'
514 959 622 996 dixit.

798 1025 858 1066 VI

248 1109 344 1147 Cum
387 1113 476 1158 post
517 1111 816 1148 offensiunculas
853 1113 893 1148 in
931 1112 1099 1161 gratiam
1136 1111 1335 1159 redeatur,
1381 1124 1492 1161 expo-

159 1168 388 1206 stulationes
431 1168 515 1205 fieri
552 1171 707 1207 mutuas
744 1170 904 1206 minime
941 1171 1037 1207 utile
1076 1182 1172 1218 esse,
1217 1182 1411 1219 superque
1449 1182 1494 1207 ea
1514 1183 1546 1208 15

158 1239 199 1263 re
238 1229 276 1263 et
314 1239 438 1264 sermo
471 1227 614 1264 Tauri
652 1228 848 1276 expositus
881 1230 920 1265 et
950 1228 1069 1266 verba
1101 1241 1145 1265 ex
1178 1228 1515 1278 Theophrasti-

158 1285 257 1322 libro
290 1287 464 1333 sumpta3
503 1287 541 1322 et
574 1286 665 1334 quid
697 1286 747 1322 M.
782 1299 933 1334 quoque
967 1285 1128 1324 Cicero
1161 1287 1206 1324 de
1239 1299 1367 1324 amore
1400 1288 1495 1324 ami-

160 1344 275 1380 citiae
307 1344 489 1390 senserit,
521 1355 607 1381 cum
638 1344 760 1392 ipsius
792 1344 919 1382 verbis
953 1345 1139 1382 additum.

786 1456 868 1497 VH

248 1541 305 1577 Ex
337 1540 619 1578 Aristotelis
658 1542 775 1589 libro,
814 1544 881 1590 qui
918 1539 1032 1591 <περὶ
1070 1540 1252 1592 μνήμης>
1283 1544 1493 1592 inscriptus
1514 1556 1548 1580 20

160 1601 219 1637 est
245 1599 293 1645 (I
300 1612 342 1646 p.
366 1602 450 1636 449
464 1600 568 1648 Bk),
601 1601 758 1650 cognita
787 1603 1022 1650 acceptaque
1049 1601 1094 1638 de
1119 1603 1262 1638 natura
1287 1603 1494 1639 memoriae

256 1726 273 1755 1
291 1733 342 1766 sq.
376 1722 513 1756 Verba:
550 1723 602 1756 ‘et
628 1751 634 1757 .
658 1751 663 1756 .
692 1722 1013 1765 halucinationes'‚
1044 1734 1138 1767 quae
1165 1725 1270 1758 affert
1294 1724 1436 1758 Nonius
1462 1725 1495 1758 II

159 1781 193 1812 p.
218 1772 295 1811 121,
318 1772 359 1802 19
386 1769 624 1812 (‘halucinari
650 1769 819 1803 aberrare
846 1771 883 1803 et
901 1781 973 1804 non
994 1771 1192 1804 consistere
1213 1772 1324 1814 atque
1344 1771 1495 1805 dissolvi

161 1817 198 1848 et
217 1815 452 1859 obstupefieri
474 1817 585 1859 atque
604 1816 746 1850 tardari
765 1816 918 1851 honeste
938 1818 1077 1851 veteres
1098 1817 1278 1860 dixerunt,
1298 1819 1341 1851 ut
1360 1819 1430 1851 est:
1458 1819 1496 1851 et

161 1862 316 1896 adsiduo
332 1863 448 1906 eqs.'),
469 1862 540 1896 huc
559 1863 742 1906 pertinere
762 1863 949 1907 perspexit
967 1863 1149 1897 Mercerus
1257 1868 1278 1897 4
1298 1864 1493 1909 (Theophr.

160 1908 194 1942 h.
215 1908 263 1952 pl.
284 1908 334 1941 ΙΙΙ
354 1912 385 1951 9,
407 1912 427 1942 5
453 1908 503 1942 lV
525 1913 579 1952 16,
601 1912 633 1953 1)
779 1913 821 1943 10
836 1921 886 1953 sq.
914 1910 1009 1944 Hinc
1033 1911 1091 1944 vel
1117 1921 1160 1944 ex
1186 1911 1371 1945 communi
1393 1910 1495 1944 fonte

160 1955 285 1988 hausit
304 1954 397 1988 Non.
418 1955 468 1989 IV
487 1967 521 1999 p.
544 1959 622 1998 391,
644 1960 687 1989 28
714 1956 776 1989 cfr.
799 1956 894 1990 Serv.
917 1956 993 2001 (pl.)
1014 1957 1054 1989 A.
1076 1957 1143 1990 XII
1160 1960 1227 1991 408
1246 1957 1342 1991 1646
1362 1957 1395 1990 Π
1409 1961 1494 1999 3333

162 2004 228 2034 639
255 2001 304 2034 VI
325 2005 384 2044 223
406 2005 473 2035 300
500 2002 564 2036 ecl.
586 2002 652 2036 VII
672 2006 714 2035 53
741 2003 873 2037 Donat.
896 2003 973 2037 Ter.
995 2004 1106 2037 Andr.
1127 2003 1178 2037 IV
1199 2007 1231 2046 2,
1254 2007 1294 2037 16
1317 2004 1422 2048 (Acro
1444 2004 1494 2048 et)

160 2047 292 2091 Porph.
314 2047 399 2082 Hor.
421 2060 448 2082 c.
470 2048 485 2081 Ι
506 2052 537 2090 9,
561 2053 577 2082 1
606 2049 716 2083 schol.
741 2049 827 2084 Luc.
850 2050 883 2083 H
907 2054 971 2083 103
1004 2049 1053 2084 VI
1080 2054 1146 2084 224
1161 2062 1212 2093 sq.
1358 2054 1400 2083 14
1415 2062 1492 2094 sqq.

163 2094 224 2127 cfr.
247 2094 393 2127 Hieron.
415 2095 453 2128 in
474 2095 564 2129 Osee
584 2095 634 2129 111
652 2095 743 2139 prol.
894 2100 937 2130 20
952 2108 1029 2141 sqq.
1056 2096 1134 2130 Hoc
1161 2107 1204 2130 ex
1230 2097 1309 2130 loco
1336 2096 1493 2139 fluxisse,

256 2215 275 2244 2
309 2210 495 2245 aluciones
527 2216 558 2245 et
589 2211 770 2246 alutiones
797 2224 888 2256 pars
918 2213 1016 2247 codd.
1038 2214 1156 2247 Nomi
1185 2214 1196 2256 Η
1229 2216 1270 2246 17
1304 2224 1426 2247 amore
1457 2214 1495 2247 et

162 2256 328 2291 amicitia
347 2258 404 2293 Slc.
429 2258 432 2301 Ι
456 2258 554 2302 quod
576 2270 596 2296 ς
622 2269 709 2293 corr.
731 2270 751 2293 6
769 2261 780 2303 Η
801 2263 843 2293 20
869 2260 952 2302 περὶ
977 2259 1115 2304 μνήμης
1140 2260 1222 2294 add.
1244 2261 1356 2295 Hertz
1377 2261 1422 2304 (σ)
