1591 2474
140 73 196 114 60
520 74 524 78 ’
742 74 758 106 Ι
785 78 822 116 9;
850 78 892 108 10

122 181 295 222 7dae0s'
324 182 459 223 dicere
487 185 665 235 oportet,
692 182 1041 222 ‘mathematicos’
1069 183 1178 223 dicit.
1232 181 1395 222 Exinde
1420 181 1487 222 his

156 241 353 281 scientiae
398 241 547 281 studiis
589 241 725 280 ornati
762 241 813 280 ad
852 241 1140 293 perspicienda
1177 240 1323 281 mundi
1362 255 1488 293 opera

155 302 197 339 et
234 300 441 352 principia
477 302 650 339 naturae
682 299 964 352 procedebant
995 313 1043 339 ac
1073 302 1174 339 tunc
1206 299 1384 351 denique
1415 313 1487 339 110-

155 357 425 398 minabantur
456 360 646 410 φυσικοί.

121 426 140 455 8
244 415 359 457 Haec
409 417 552 456 eadem
603 431 727 469 super
775 415 1065 470 Pythagora
1113 418 1255 456 noster
1298 415 1487 455 Taurus

157 489 250 515 cum
291 475 480 515 dixisset:
525 474 651 515 ‘nunc
691 474 847 515 autem'
885 474 1023 527 inquit
1061 474 1165 526 ς18131,
1208 475 1280 527 qui
1316 476 1487 527 repente

156 532 332 586 pedibus
363 533 507 573 inlotis
540 534 587 573 ad
623 533 899 586 philosophos
931 533 1164 585 devertunt,
1198 547 1284 573 non
1315 535 1377 573 est
1407 533 1489 573 hoc

157 592 275 643 satis,
308 592 419 644 quod
452 595 549 632 sunt
582 593 752 632 0111111110
785 592 1043 645 ἀθεώρητοι,
1075 592 1273 644 ἄμουσοι,
1306 590 1488 644 ἀγεωμέ-

156 665 317 703 τρητοι,
344 650 416 690 sed
440 651 576 704 legem
604 651 729 690 etiam
757 651 869 702 dant,
895 664 977 702 qua
1003 650 1293 703 philosophari
1317 650 1488 690 discant.

122 707 277 748 ssAlius
309 709 368 749 ait
401 709 497 749 ‘hoe
528 724 594 749 me
624 710 807 762 primuni
834 709 964 761 doce’,
994 710 1095 749 item
1122 709 1228 748 alius
1255 708 1351 748 “hoc
1376 707 1488 748 volo’

155 767 294 819 inquit
332 767 522 818 ‘discere,
559 768 672 808 istud
709 767 842 820 nolo’,
878 767 947 807 hic
979 782 1003 806 a
1035 768 1289 820 symposio
1321 766 1489 807 Plato—

156 826 232 865 nis
264 828 313 879 (6.
339 827 413 871 30)
450 827 634 879 incipere
673 827 800 880 gestit
838 829 1010 879 propter
1041 825 1284 866 Alcibiadae
1317 825 1489 866 comisa-

155 885 327 937 tionem,
352 885 423 924 ille
449 899 473 924 a
492 884 719 925 Phaedro
743 886 791 937 (c.
808 888 852 937 6)
878 887 1051 938 propter
1069 884 1219 937 Lysiae
1247 885 1489 924 orationem.

100 953 142 982 10
157 942 235 983 Est
260 943 414 995 etiam,’
446 943 585 996 inquit
612 943 703 996 ‘pro
729 942 935 996 Iuppiter!
968 943 1040 995 qui
1065 942 1326 983 Platonem
1351 943 1490 996 legere

157 1002 343 1054 postulet
376 1016 462 1041 non
493 1003 603 1042 vitae
637 1002 864 1053 ornandae,
902 1002 973 1041 sed
1003 1002 1172 1055 linguae
1206 1001 1489 1053 orationisque

157 1060 382 1100 comendae
409 1061 556 1114 gratia,
582 1075 658 1101 nec
683 1063 731 1100 ut
756 1060 986 1100 modestior
1010 1060 1096 1112 fiat,
1123 1060 1193 1099 sed
1219 1062 1266 1099 ut
1284 1059 1489 1112 lepidi01-.'

100 1130 139 1158 11
156 1117 273 1159 Haec
310 1118 500 1159 Taurus
546 1119 680 1160 dicere
725 1119 874 1159 solitus
914 1119 1102 1159 novicios
1140 1118 1490 1171 philosophorum

158 1180 384 1218 sectatores
417 1192 511 1218 cum
542 1178 754 1218 veteribus
786 1177 1145 1231 Pythagoricis
1177 1177 1401 1229 pensitans.

100 1246 141 1275 12
247 1234 328 1276 Sed
353 1236 395 1276 id
422 1250 589 1289 quoque
615 1251 701 1276 non
726 1236 1076 1289 praetereundum
1102 1237 1176 1287 est,
1202 1235 1311 1287 quod
1335 1248 1491 1287 omnes,

158 1294 283 1334 simul
314 1297 439 1347 atque
471 1309 494 1334 a
520 1294 810 1349 Pythagora
840 1295 885 1334 in
916 1294 1132 1335 cohortem
1164 1294 1279 1333 illam
1307 1293 1488 1345 discipli-

156 1367 305 1392 narum
337 1355 494 1406 recepti
527 1357 662 1406 erant,
699 1353 812 1406 quod
843 1353 1020 1405 quisque
1052 1352 1253 1404 familiae,
1288 1352 1489 1404 pecuniae

156 1411 352 1464 habebat,
376 1412 421 1452 in
440 1412 624 1452 medium
645 1412 783 1464 dabat,
809 1415 850 1452 et
873 1411 1064 1451 coibatur
1084 1411 1259 1451 societas
1279 1411 1489 1463 insepara-

158 1470 273 1523 bilis,
316 1473 532 1523 tamquam
575 1471 680 1511 illud
716 1471 798 1511 fuit
835 1471 1020 1510 anticum
1059 1469 1334 1521 consortium,
1378 1468 1491 1521 quod

158 1529 247 1569 iure
273 1531 397 1581 atque
424 1529 552 1569 verbo
575 1528 767 1569 Romano
794 1528 1086 1582 appellabatur
1112 1527 1241 1568 ‘ercto
1267 1541 1353 1567 non
1379 1526 1489 1568 cito’.

807 1633 845 1674 X

160 1708 298 1750 Quibus
318 1709 436 1743 verbis
458 1708 733 1752 compellaverit
746 1707 944 1741 Favorinus
964 1706 1204 1751 philosophus
1218 1705 1491 1739 adulescentem

481 1766 584 1789 casce
609 1755 718 1788 nimis
745 1756 782 1788 et
807 1754 925 1798 prisce
951 1753 1171 1796 loquentem.

114 1843 131 1872 1
246 1833 525 1874 Favorinus
569 1832 848 1887 philosophus
886 1832 1142 1872 adulescenti
1178 1833 1366 1870 veterum
1403 1844 1492 1870 ver-

160 1893 309 1933 borum
355 1893 625 1945 cupidissimo
670 1895 711 1932 et
755 1892 974 1944 plerasque
1011 1904 1134 1930 voces
1172 1889 1296 1929 nimis
1333 1888 1490 1942 priscas

255 2011 273 2039 7
301 2006 362 2040 cfr.
385 2006 483 2049 Otto,
510 2007 682 2050 Sprichw.
706 2019 740 2051 p.
763 2009 829 2039 274
972 2008 1015 2038 24
1043 2004 1164 2046 Quint.
1185 2003 1252 2037 VII
1272 2006 1304 2045 3,
1326 2006 1368 2036 13
1394 2002 1488 2035 Fest.

159 2066 193 2097 p.
216 2057 271 2096 82,
294 2057 336 2086 16
364 2053 460 2087 Serv.
482 2054 522 2087 'A.
545 2053 629 2087 VIII
650 2057 716 2086 642
744 2052 831 2087 CGL
851 2052 899 2086 VI
920 2055 986 2085 396

257 2163 275 2193 7
302 2159 491 2193 diuertunt
511 2158 636 2204 1711120
663 2161 774 2202 atque
795 2158 832 2202 a]
851 2158 942 2192 JGr.
971 2159 1009 2189 at
1034 2155 1121 2199 quia
1139 2159 1165 2188 P
1190 2154 1253 2198 qui
1276 2165 1297 2187 a
1317 2168 1344 2188 ω
1362 2154 1365 2199 l
1383 2153 1492 2187 disci-

160 2206 329 2250 pulorum
350 2206 552 2249 Stephanus
571 2208 581 2247 ΙΙ
602 2209 643 2238 21
671 2202 960 2239 FAMILIAEPE
983 2205 987 2247 Ι
1009 2201 1248 2236 PECVNIAE
1268 2204 1296 2233 A
1321 2200 1406 2234 fam.
1428 2210 1491 2244 pe-

161 2253 364 2296 cuniaeque
395 2254 516 2295 ω1123
547 2254 640 2290 tam,
673 2262 784 2294 quam
812 2252 918 2285 Mms.
940 2252 1014 2294 [124
1046 2250 1173 2294 <a>erto
1204 2259 1285 2297 non⁴
1309 2258 1336 2281 c.
1363 2250 1425 2280 PV
1453 2257 1492 2280 er

161 2299 326 2334 conocito
352 2303 381 2332 R
407 2310 471 2334 om.
493 2302 522 2331 A
546 2310 634 2333 corr.
656 2299 806 2333 Salmas.
829 2295 1013 2342 κοινόβιος
1033 2307 1053 2333 ς

1510 723 1543 747 10

1511 1015 1543 1040 15

1510 1308 1544 1332 20

1510 1647 1542 1672 25
