1607 2464
648 49 916 84 PRAEFATIO
1393 50 1450 84 VI]

115 167 182 201 est.
250 163 369 200 Immo
407 165 465 200 ita
502 163 680 200 melions
719 163 889 200 evadunt
920 158 951 200 P
984 165 1022 199 et
1053 159 1088 200 V
1123 164 1266 201 artiore
1299 165 1454 201 vinculo

114 225 216 260 iuter
254 234 292 259 se
331 224 482 269 conexi,
520 225 564 259 ut
599 223 802 270 paululum
835 224 1007 259 incertus
1039 223 1247 270 haeserim,
1287 236 1378 259 num
1411 236 1453 259 ex

113 281 185 318 hac
224 281 410 329 editione,
454 282 516 318 cui
554 294 629 317 non
669 294 765 330 opus
804 283 888 319 erat
925 283 1010 318 tota
1048 283 1227 331 congerie
1266 282 1456 329 lectionis,

114 341 230 389 plane
257 340 480 378 abiciendus
507 342 607 377 esset
632 341 698 377 ille
720 335 767 387 R,
794 341 937 388 quippe
964 342 1031 388 qui
1057 342 1265 378 manifesta
1289 341 1452 390 vestigia

114 400 357 448 corruptelae
402 401 441 436 et
484 399 801 448 interpolationis
844 401 1017 436 traxerit.
1085 400 1186 436 Nam
1231 401 1450 437 immutavit

115 459 234 495 verba
259 459 497 507 synonymis,
529 460 575 495 ut
600 459 720 506 praef.
747 461 791 495 11
820 453 915 509 (bis)
944 458 962 495 I
986 461 1049 504 11,
1074 460 1125 495 10
1155 459 1189 495 ΙΙ
1214 462 1279 505 22,
1304 461 1373 507 14,
1404 461 1453 495 15

114 517 169 554 III
202 519 267 564 10,
296 518 670 565 11312,2317‚1
707 517 759 553 IV
792 522 826 564 ἓ),
855 519 873 553 4
912 517 1197 565 V11,3318,
1228 521 1454 565 113t1·ans—

114 577 252 625 positis
292 576 417 613 verbis
456 589 476 612 e
514 577 640 613 medio
679 577 725 613 ad
767 577 981 613 clausulam
1018 578 1217 614 sicciorem
1250 577 1453 614 verborum

114 639 288 672 tenorem
319 636 504 682 restituit,
536 630 621 685 utl)
656 635 707 671 lv
741 638 804 682 12,
834 638 852 671 1
889 635 1081 672 ‹Ierele'clui
1112 636 1297 673 habueras
1340 638 1403 682 18,
1432 638 1453 672 9

113 695 235 731 omnis
265 695 426 741 pecunie
463 696 657 740 omnisque
687 695 834 740 praede
870 695 1033 741 scriptas
1065 706 1142 731 esse
1173 695 1268 731 dimit
1303 695 1335 730 V
1366 696 1402 736 6,
1431 698 1454 729 ὃ

114 754 305 790 obsidione
330 756 419 790 smzt
444 753 593 790 liberati
624 753 657 789 V
662 753 680 789 I
702 755 739 801 4,
761 755 784 790 3
814 754 939 790 venire
963 754 1032 790 snb
1059 766 1197 791 corona
1224 755 1456 800 dicebantur,

113 815 153 849 et
183 814 329 850 maiore
361 813 580 850 mutatione
611 812 644 848 V
673 814 737 859 122,
763 814 785 849 5
815 815 1004 859 neptunus
1024 816 1136 858 pater
1162 815 1194 850 et
1218 825 1325 849 vaurs-
1344 815 1458 859 pater

114 874 147 907 et
171 874 356 908 saturnus
373 874 489 917 pater
512 873 630 908 mnus
647 874 762 918 pater
787 873 979 909 coniuncte
998 872 1086 908 (Heli
1105 875 1193 908 sunt
1213 874 1295 914 etc,
1323 884 1457 919 quam-

113 931 172 967 vis
199 942 275 967 non
302 931 441 977 desint,
470 930 611 979 quibus
637 931 754 967 etiam
781 930 939 968 solitum
967 930 1140 967 ordinem
1168 931 1457 979 perturbaverit

114 989 311 1026 contraria
342 989 523 1037 libidine,
555 989 704 1037 omisit,
737 1002 836 1038 quae
867 1002 944 1026 non
978 989 1195 1038 placebant,
1228 992 1272 1026 ut
1304 990 1380 1037 Ι3,
1404 992 1454 1026 13

114 1048 228 1085 initio
261 1049 429 1096 exempli
456 1047 698 1086 Ciceroniani
731 1048 860 1086 subito
893 1048 1051 1096 abrupti
1083 1051 1171 1097 post
1203 1049 1320 1085 verba
1352 1051 1456 1085 uten-

113 1108 206 1144 dum
244 1118 322 1144 esse
358 1107 412 1143 nil
448 1108 524 1144 nisi
555 1119 674 1153 usqne
706 1108 756 1143 ibi
788 1120 857 1156 pro
891 1107 1017 1144 verbis
1050 1108 1217 1144 arbitror
1253 1129 1300 1132 -
1337 1109 1457 1153 impi-

114 1167 203 1203 tudo
239 1169 421 1212 sequatur
459 1166 671 1214 addiderit,
715 1167 896 1203 similiter
934 1167 951 1202 I
988 1168 1051 1213 15,
1087 1168 1157 1214 133
1201 1167 1267 1204 sed
1306 1166 1458 1203 addidit

114 1237 284 1273 quoque,
329 1238 404 1273 quo
444 1223 614 1262 Gellium
659 1225 801 1274 corrigi
842 1227 881 1262 et
918 1226 1150 1274 locupletari
1188 1225 1369 1274 putabat,
1414 1228 1458 1262 ut

113 1284 233 1332 praef.
271 1285 321 1321 12
363 1284 507 1321 emoliti
545 1285 593 1321 ad
632 1285 770 1330 ephesii
802 1286 922 1327 recte,
961 1285 1064 1333 quod
1097 1285 1145 1322 ad
1176 1297 1275 1331 rem,
1314 1285 1380 1322 sed
1413 1296 1456 1320 ex

114 1354 182 1379 suo
208 1344 376 1392 ingenio,
402 1345 447 1380 ut
471 1344 590 1380 etia-ni
610 1343 645 1379 V
668 1346 705 1390 2,
725 1344 751 1380 4
777 1357 847 1392 pro
874 1355 997 1389 restem
1016 1344 1172 1392 scripsit
1190 1343 1456 1381 alexandram.

113 1402 349 1438 Luculenter
380 1415 483 1449 vero,
516 1404 665 1450 quanta
696 1403 859 1440 levitate
885 1404 923 1440 et
948 1415 1071 1450 paene
1098 1403 1326 1452 arrogantia
1350 1414 1457 1451 gras—

114 1462 221 1498 satus
253 1461 315 1507 sit,
347 1461 590 1498 demonstrat
620 1461 680 1497 ΠΙ
704 1462 768 1509 10,
794 1463 904 1498 3-9
940 1457 998 1513 (et
1033 1463 1083 1498 12
1100 1457 1216 1513 sqq),
1248 1461 1315 1498 ubi
1347 1473 1455 1498 suani

115 1519 333 1556 doctrinam
376 1533 446 1568 pro
488 1519 668 1557 Gelliana
712 1520 917 1558 venditans
961 1521 1075 1568 plane
1120 1523 1296 1558 removet
1338 1520 1456 1557 verba

113 1591 301 1628 germana
329 1579 540 1616 abhorrens
566 1581 678 1627 quasi
705 1581 908 1616 scientiam
934 1580 1044 1616 illam
1070 1579 1359 1626 abstrusiorem,
1392 1579 1457 1616 sed

114 1637 164 1673 ad
196 1637 437 1674 Macrobium
474 1638 659 1675 lectorem
696 1638 846 1688 relegat
883 1638 1030 1676 scribae
1069 1638 1197 1676 officio
1235 1651 1311 1675 non
1344 1639 1457 1675 satis-

114 1696 272 1743 faciens,
296 1697 466 1734 litterati
491 1698 566 1734 viri
593 1697 759 1746 gloriam
784 1698 931 1734 frustra
958 1697 1153 1735 affectans.
1204 1698 1338 1745 Neque
1366 1710 1456 1734 vero

113 1754 248 1803 habet,
287 1755 390 1803 quod
428 1756 543 1793 nimis
580 1757 711 1793 iactet.
774 1756 876 1793 Nam
911 1757 1068 1805 linguae
1102 1756 1271 1793 Graecae
1302 1758 1458 1804 praeter

114 1814 270 1863 singula
312 1814 504 1851 vocabula
546 1815 662 1863 plane
705 1815 865 1865 ignarus
902 1815 1001 1852 talia
1039 1816 1243 1852 enuntiata
1281 1817 1320 1852 et
1358 1827 1457 1863 quac

115 1885 201 1910 cum
235 1874 283 1910 iis
316 1874 524 1910 cohaerent
554 1886 623 1922 per
654 1885 693 1910 se
725 1887 802 1911 non
833 1874 1034 1912 intellecta
1064 1874 1208 1911 Latina
1238 1873 1358 1911 verba
1389 1875 1458 1910 aut

115 1931 299 1969 audacter
329 1930 501 1969 mutavit
533 1934 601 1969 aut
626 1935 803 1970 currente
829 1933 979 1970 calamo
1004 1933 1210 1982 praeteriit
1234 1946 1282 1970 ne
1308 1933 1456 1970 monito

115 1990 272 2038 quidem
290 1991 520 2039 plerumque
539 1991 700 2038 lectore3
720 1992 830 2028 velut
845 1991 905 2028 ΙΠ
921 1993 943 2029 9
965 1993 1146 2029 ultimam
1166 1991 1457 2042 paragraphum

114 2051 275 2098 propter
301 2048 448 2088 Graeca
477 2049 638 2099 φοίνικα
664 2052 703 2087 et
727 2049 897 2088 σπάὸικα
923 2051 1144 2088 decurtavit
1169 2051 1209 2087 in
1235 2052 1313 2088 tria
1338 2050 1457 2087 verba

107 2109 287 2154 poeniceo
318 2111 359 2145 ut
390 2108 472 2146 dixi
495 2110 624 2146 tracta
649 2108 698 2146 ad
724 2109 844 2146 colore
870 2111 1210 2157 eoezfflerantissimo
1235 2111 1276 2146 in
1303 2108 1327 2157 ἓ
1349 2110 1386 2157 8,
1419 2111 1457 2146 et

115 2167 236 2215 praef.
265 2167 377 2204 6——8
410 2169 500 2217 post
530 2167 722 2205 siluarum
750 2181 826 2205 non
854 2168 1011 2218 scripsit
1035 2169 1112 2206 nisi
1139 2169 1307 2215 eoeempla
1334 2168 1458 2205 tit-zelo-

212 2293 244 2336 1)
269 2291 370 2326 Haec
396 2292 434 2325 in
461 2293 644 2335 apparatu
669 2302 742 2326 non
767 2291 934 2336 repetivi.
