1617 2484
620 61 889 96 PRAEFATIO
1342 60 1418 94 XIX

88 178 145 214 vit
188 189 230 213 ex
272 177 457 213 Varronis
501 175 733 223 disciplinis,
778 175 845 222 qui
887 174 984 210 liber
1022 173 1181 211 affertur
1219 174 1254 210 in
1296 175 1423 221 eapite

87 236 263 283 sequenti
301 235 483 282 aliisque,
519 235 577 270 ita
611 233 662 270 VI
694 235 743 271 13
781 237 819 270 et
853 235 903 270 22
938 232 1084 270 Gellius
1117 231 1212 269 (11166
1244 244 1334 269 usus
1366 236 1425 268 est

89 295 215 331 Verrii
252 294 352 331 libro
391 294 436 330 de
468 293 640 330 obscuris
673 292 849 338 Catonis,
887 293 954 340 qui
986 291 1146 329 affertur
1178 291 1286 328 XVII
1317 292 1354 337 6,
1386 296 1423 327 et

88 354 118 390 X
159 356 182 389 8
228 356 266 390 61
305 354 327 390 9
378 352 553 389 hortulos
603 365 691 388 suos
742 352 923 399 irrigavit
969 364 1013 388 ex
1057 351 1163 387 fonte
1208 349 1422 387 Catoniano

86 412 236 459 eodem,
275 413 342 460 qui
380 411 466 447 fluit
496 410 551 446 Vl
579 412 616 455 4,
644 412 678 446 ἶ),
743 411 944 458 Nusquam
980 423 1070 447 vero
1102 409 1163 455 fit,
1201 411 1303 447 certe
1335 422 1423 446 nus-

86 483 203 519 quam
235 471 393 519 probari
424 472 554 518 potest
580 469 749 506 Gellium
782 482 851 505 sua
876 471 1100 506 mutuatum
1127 481 1207 506 esse
1235 481 1277 505 ex
1305 469 1423 517 scrip-

86 533 168 567 tore
204 542 279 567 non
312 530 360 566 ab
391 530 475 577 ipso
508 529 625 565 semel
659 529 719 565 vel
751 528 963 565 identidem
997 529 1207 565 nominato.
1270 527 1424 564 Abeant

50 611 51 614 =
85 590 206 638 igitur
238 591 340 626 certe
372 586 541 625 Cornelii
573 587 736 635 Epicadi
768 589 808 623 61
839 586 992 625 Octavii
1023 587 1151 633 Aviti,
1187 586 1302 623 abeat
1335 599 1422 623 vero

85 649 203 685 etiam
242 647 340 684 liber
371 646 530 684 Asconii
568 649 703 683 contra
739 646 1017 683 obtrectatores
1050 641 1276 696 Vergflffl),
1315 646 1422 682 cuius

85 708 123 744 in
151 705 374 744 Ciceronem
406 707 727 743 commentarium
755 706 902 742 Gellius
928 705 999 741 XV
1023 705 1088 751 28,
1109 706 1133 740 4
1167 717 1243 741 non
1276 705 1350 742 nisi
1379 717 1422 741 ex

86 765 270 802 Suetonio
308 766 435 811 novit,
474 765 589 801 abeat
620 764 769 801 Plinius
808 764 853 801 de
884 763 1002 800 dubio
1034 776 1219 801 sermone.
1282 762 1421 806 Quam-

85 838 201 872 quam
239 826 279 861 in
317 825 377 861 his
415 836 474 860 res
512 824 629 871 paulo
669 824 783 860 aliter
821 836 859 860 se
893 823 1020 859 habet.
1083 823 1185 859 Nam
1217 823 1277 859 lex
1309 822 1422 859 modo

86 886 234 920 statuta
266 897 357 919 num
391 895 413 919 a
439 883 692 930 scriptoribus
719 883 837 919 etiam
864 881 913 919 ad
939 894 1071 918 eorum
1098 882 1253 930 singmla
1278 882 1423 929 scripta

85 942 288 979 transferri
324 943 464 990 possit,
502 943 560 978 ita
596 944 640 978 ut
678 955 723 977 116
759 942 904 989 scripta
936 940 1092 988 quidem
1125 941 1324 988 scriptoris
1356 952 1422 976 no-

84 1002 240 1047 minati,
285 1001 350 1038 sed
394 1013 470 1037 non
513 1002 599 1048 ipsa
641 1001 842 1036 nominata
882 1000 1008 1037 fontes
1046 998 1297 1048 proponenda
1334 1000 1423 1045 sint,

85 1060 229 1097 dubito.
300 1058 411 1096 Certe
456 1071 500 1096 ea
543 1071 680 1095 norma
722 1071 799 1095 non
842 1058 948 1096 cadit
989 1060 1030 1095 in
1069 1057 1185 1095 Gellii
1229 1058 1422 1105 aequales,

85 1131 248 1167 quorum
287 1119 405 1155 libros
444 1130 532 1155 raro
571 1117 700 1165 affert,
744 1130 857 1166 saepe
895 1120 1067 1166 usurpat.
1138 1116 1200 1154 Sic
1237 1116 1423 1153 Favorini

85 1178 333 1226 appellantur
376 1177 467 1214 libri
505 1176 768 1227 Πυρρωνείων
808 1175 978 1226 τρόπων,
1021 1176 1105 1213 laus
1144 1176 1346 1213 Thersitae
1385 1178 1423 1212 et

86 1237 219 1283 febris,
257 1231 491 1287 nusquamss)
531 1238 722 1284 apparent
755 1236 938 1285 graviora
969 1233 1352 1284 ἀπομνημονεύματα
1384 1238 1423 1271 61

84 1293 311 1344 παντοδαπὴ
344 1289 544 1345 [ampla-⁵⁵),
577 1307 743 1342 quorum
775 1297 905 1331 tamen
938 1306 1028 1342 opes
1059 1305 1137 1330 non
1166 1296 1315 1341 spretas
1341 1306 1422 1330 esse

85 1355 343 1391 certissimum
381 1356 456 1400 est,
493 1366 563 1391 nec
595 1353 801 1390 Frontonis
840 1356 879 1389 61
908 1352 1073 1390 Herodis
1104 1347 1270 1404 Attici4)
1304 1353 1422 1389 libros

85 1415 285 1450 aversatus
330 1415 405 1459 est,
449 1425 544 1460 quos
589 1413 692 1450 viros
731 1415 861 1449 tamen
899 1423 976 1448 non
1012 1412 1089 1449 nisi
1125 1412 1327 1459 loquentes
1364 1413 1422 1448 in-

84 1472 207 1519 ducit,
244 1472 339 1508 item
372 1470 534 1508 Calvisii
565 1471 685 1508 Tauri
723 1472 1020 1508 commentarios
1052 1470 1204 1517 laudat,
1244 1470 1424 1507 adhibuit

84 1530 254 1568 eiusdem
289 1528 375 1579 περὶ
404 1535 474 1580 τῆς
504 1527 700 1575 ἀπαθείας
731 1534 807 1566 τῶν
839 1531 1016 1566 Στοϊκῶν
1048 1528 1123 1565 ΧΠ
1151 1530 1187 1573 5,
1226 1525 1296 1578 (161
1324 1529 1423 1566 liber

86 1590 247 1627 fortasse
279 1592 379 1627 tecte
410 1589 607 1626 indicatur
637 1590 678 1625 in
705 1587 729 1636 ἓ
757 1589 794 1636 5,
826 1591 865 1625 61
895 1586 981 1637 περὶ
1014 1587 1200 1637 σωμάτων
1231 1586 1295 1625 καὶ
1321 1585 1422 1625 ἀσω-

85 1647 214 1696 μάτων
252 1648 287 1683 V
317 1649 386 1695 153
421 1648 471 1684 16
511 1647 567 1684 IX
594 1648 629 1684 5.
697 1638 844 1685 Eadem
887 1659 947 1684 res
986 1649 1044 1684 est
1080 1648 1121 1683 in
1156 1647 1297 1695 prioris
1336 1648 1422 1683 aevi

85 1707 348 1755 scriptoribus,
380 1707 446 1743 sed
477 1706 738 1754 paucissimis,
770 1719 860 1743 nam
892 1718 968 1753 quo
997 1705 1036 1741 H
1066 1708 1114 1742 11
1149 1706 1315 1742 referam
1346 1707 1422 1742 nisi

181 1879 213 1922 1)
238 1877 279 1911 Id
305 1876 708 1917 fortasseconcedatur
733 1876 771 1910 in
798 1876 849 1910 eis
876 1876 1072 1920 capitibus,
1099 1887 1192 1920 quae
1215 1876 1332 1910 Probo
1359 1876 1423 1910 de-

85 1924 226 1967 bentur,
256 1925 466 1958 Asconiana
490 1924 625 1965 inesse3
658 1934 743 1957 nam
769 1923 939 1967 Berytius
964 1923 1122 1957 Asconio
1148 1935 1235 1957 usus
1262 1925 1318 1957 est
1342 1924 1419 1968 (cfr.

84 1970 193 2005 Probi
225 1971 288 2014 qui
321 1971 456 2006 dicitur
487 1971 789 2005 commentarium
815 1982 849 2015 p.
879 1974 909 2012 7,
938 1974 955 2004 7
976 1970 1030 2011 K,
1063 1971 1093 2004 si
1123 1982 1206 2004 cum
1229 1970 1358 2005 Iahnio
1385 1972 1422 2004 et

84 2018 287 2052 Ribbeckio
319 2018 456 2063 proleg.
490 2018 537 2052 ad
568 2017 676 2063 Verg.
709 2030 743 2062 p.
773 2021 839 2051 164
870 2017 1066 2052 nonnullas
1097 2017 1206 2051 huius
1239 2028 1420 2052 commen-

83 2066 169 2099 tarii
194 2067 317 2109 partes
343 2076 387 2100 ex
411 2065 560 2109 Berytio
587 2065 766 2109 originem
792 2065 923 2098 ducere
950 2065 1180 2109 consentias).

179 2114 212 2156 2)
237 2112 310 2146 nisi
337 2113 384 2146 ad
408 2112 509 2157 prius
536 2111 670 2146 alludit
695 2111 726 2144 X
749 2115 802 2154 12,
826 2115 856 2145 9.

178 2161 211 2204 3)
236 2159 337 2193 Η666
369 2159 560 2203 inscriptio
588 2159 627 2192 in
651 2158 882 2203 praefatione
908 2162 928 2193 8
955 2158 1033 2192 sine
1058 2159 1205 2193 nomine
1232 2159 1419 2203 scriptoris

84 2206 229 2251 legitur.

177 2255 212 2298 4)
237 2253 326 2286 Eius
350 2253 463 2287 libros
489 2251 599 2298 κηρία
626 2250 778 2298 (καίρια)
805 2255 842 2287 et
866 2251 1064 2298 ἐγχειρίδια
1089 2253 1128 2287 111
1153 2252 1267 2297 praef.
1290 2258 1309 2288 6
1336 2255 1372 2287 et
1400 2257 1417 2286 7

85 2300 270 2344 designari
295 2302 404 2344 putat
428 2300 548 2334 Hertz.

1159 2359 1207 2392 b*
