1617 2484
145 68 261 102 XXVI
677 69 945 104 PRAEFATIO

142 175 231 231 (Me.
255 181 336 217 659
365 193 451 217 31111.
477 177 638 233 722)1);
664 182 731 219 sed
756 194 843 219 cum
869 181 893 229 ξ
916 183 938 219 5
967 184 1069 220 certe
1096 195 1139 220 ex
1166 182 1291 220 Probo
1314 177 1399 235 (ΚΥ.
1423 185 1472 221 91

140 239 210 275 Ru.
242 234 312 289 12)
324 233 375 290 2),
413 240 549 287 etiam,
586 252 684 288 quae
723 240 801 277 alia
839 237 962 277 obicit
995 242 1036 277 111
1068 241 1345 280 obtrectatores
1377 242 1475 290 illos,

141 311 185 335 ex
220 298 353 335 eodem
384 298 593 347 fluxerunt,
632 301 676 336 ut
708 298 732 347 ξ
761 300 826 346 20,
865 312 982 347 quam
1015 312 1060 336 ex
1090 300 1228 337 Verrio
1260 301 1476 338 derivatam

140 356 307 394 essesKr.
331 358 381 394 72
405 351 490 408 (cfr.
511 357 580 395 Ne.
604 351 705 409 226)
733 357 950 406 suspicatus
977 360 1071 405 erat,
1104 360 1143 396 et
1168 359 1330 397 fortasse
1353 359 1475 409 ipsius

142 415 303 452 Cornuti
341 398 660 468 castigationes&
680 438 736 441 -—
760 418 781 452 7
822 429 865 454 ex
897 416 1076 454 Panaetii
1113 415 1198 467 περὶ
1229 417 1476 467 καθήκοντος

140 474 209 510 Ru.
239 475 290 511 46
325 469 411 526 (cfr.
438 475 507 511 Ne.
537 469 657 526 260),
694 476 813 522 male,
851 488 941 512 nam
978 476 1019 512 in
1051 473 1076 523 ξ
1105 478 1127 513 2
1167 478 1206 513 et
1238 475 1401 514 Graecos
1437 480 1476 515 et

139 532 299 571 Latinos
326 533 532 582 scriptores
559 533 605 571 de
630 534 702 571 hac
728 547 767 571 re
794 534 1017 572 disseruisse
1039 536 1227 583 scriptum
1247 537 1315 573 est.
1366 535 1476 580 Quod

139 604 376 640 quamquam
407 604 483 628 non
514 593 572 630 ita
604 593 871 641 accipiendum
903 595 973 641 est,
1004 595 1048 631 ut
1079 593 1227 631 Gellius
1259 594 1476 631 doctrinam

139 663 183 687 ex
215 649 370 687 Graecis
409 652 447 687 et
478 650 629 689 Latinis
667 651 896 700 compilasse
934 654 1110 701 putetur,
1148 655 1278 690 tamen
1316 653 1356 689 in
1394 654 1475 690 eius

139 711 244 745 fonte
288 712 473 757 utrosque
516 710 736 747 nominatos
781 723 860 748 esse
904 711 1154 748 statuendum
1198 714 1265 748 est.
1336 712 1475 760 Itaque

138 768 346 805 Panaetius
373 780 460 805 cum
485 769 735 818 philosophos
757 770 950 807 Romanos
976 770 1040 806 vix
1065 770 1265 807 nominare
1290 771 1475 819 potuerit,

138 839 296 864 numero
335 829 538 864 auctorum
576 828 834 865 detrahendus
873 831 941 866 est.
1009 829 1096 866 Non
1133 829 1261 866 minus
1300 829 1474 877 exempla

136 885 177 921 in
215 884 238 932 ξ
274 887 327 922 20
372 886 510 933 allata,
555 887 631 923 nisi
674 890 765 924 sunt
808 900 831 924 a
869 886 994 924 Gellio
1033 887 1183 934 addita,
1226 888 1266 924 in
1305 890 1474 925 aetatem

136 944 389 992 posteriorem
427 958 495 981 nos
530 945 729 983 reducunt.
792 946 847 983 Vt
879 945 1044 993 Gellius,
1081 945 1116 983 εἰ
1145 945 1270 983 πάντα
1300 944 1474 984 πειστέον

136 1005 215 1048 τοῖς
241 1008 433 1053 γονεῦσιν,
460 1006 647 1041 tractavit
666 1005 866 1042 Musonius
887 1004 991 1054 apud
1012 1004 1116 1042 Stob.
1138 1005 1217 1041 flor.
1236 1005 1397 1042 LXXIX
1419 1006 1469 1042 51

137 1062 215 1105 (III
241 1075 275 1110 p.
306 1064 360 1099 90
380 1056 450 1113 M.)
484 1076 561 1100 non
591 1064 693 1101 male
725 1075 938 1113 congruens
971 1076 1058 1101 cum
1089 1064 1306 1112 praeceptis
1333 1065 1473 1112 capitis

136 1120 305 1158 Gelliani
347 1122 505 1158 tantum
548 1134 624 1159 non
668 1123 855 1160 omnibus.
924 1122 1055 1159 Etiam
1093 1122 1261 1160 Musonii
1300 1136 1356 1171 ep.
1390 1122 1414 1171 ξ
1449 1124 1471 1159 5

136 1193 171 1228 p.
206 1181 287 1217 402
328 1179 466 1217 Herch.
507 1194 593 1217 cum
631 1180 747 1218 Gellii
786 1179 810 1229 ξ
846 1182 896 1218 13
942 1181 1189 1230 aliquatenus
1233 1177 1472 1233 consentit.4)

136 1237 241 1281 Quae
273 1239 424 1286 profert
458 1251 502 1275 ex
532 1240 721 1287 Musonio,
754 1252 793 1276 se
826 1240 979 1277 audisse
1012 1240 1072 1277 vel
1105 1241 1297 1288 accepisse
1324 1239 1472 1277 Gellius

135 1297 307 1335 affirmat
331 1298 367 1333 V
397 1300 430 1343 1,
461 1300 480 1334 1
517 1298 608 1334 XVI
637 1301 672 1345 1,
702 1302 742 1345 13
775 1299 894 1336 etiam
925 1299 997 1336 hoc
1028 1299 1111 1336 loco
1144 1298 1319 1335 doctrina
1348 1299 1471 1348 philo-

135 1356 245 1405 sophi
278 1356 326 1392 ad
353 1355 521 1393 Gellium
550 1357 729 1405 pervenit
753 1357 1015 1395 intercedente
1042 1358 1122 1394 sive
1148 1357 1300 1394 Herode
1327 1357 1472 1405 Attice,

134 1416 178 1452 ut
209 1414 263 1451 IX
292 1417 327 1462 2,
356 1415 393 1463 8,
426 1415 505 1452 sive
539 1415 709 1453 Calvisio
739 1416 877 1464 Tauro,
911 1417 980 1464 qui
1012 1429 1250 1464 quamquam
1282 1416 1472 1454 academi-

133 1485 199 1511 cus
226 1473 322 1519 (VH
339 1475 409 1521 10,
438 1469 479 1525 1)
513 1476 643 1512 tamen
676 1475 816 1513 stoicos
848 1487 925 1511 non
957 1476 1157 1512 aversatus
1190 1477 1248 1512 est
1281 1470 1353 1526 (IX
1375 1475 1412 1523 5,
1434 1476 1469 1523 8,

134 1533 200 1570 cfr.
223 1532 298 1569 XII
320 1533 355 1580 5,
378 1527 421 1583 5)
448 1534 592 1581 quique
613 1533 652 1570 II
674 1536 696 1570 2
725 1533 770 1570 de
796 1534 947 1570 ratione
974 1533 1189 1570 officiorum
1207 1534 1311 1570 inter
1330 1534 1470 1571 liberos

133 1592 172 1627 et
204 1593 382 1639 parentes
415 1592 632 1642 vigentium
663 1592 848 1641 disputat.
910 1592 973 1629 Ad
1005 1592 1167 1629 eundem
1198 1592 1406 1640 trahimur,
1438 1593 1471 1630 si

133 1650 300 1698 suspicio
340 1650 464 1688 altera
497 1672 550 1676 ——
583 1663 627 1688 ac
665 1654 766 1688 certe
804 1651 860 1688 nil
897 1651 971 1688 nisi
1009 1651 1231 1700 suspicandi
1267 1651 1329 1688 hic
1364 1651 1469 1689 locus

134 1711 191 1745 est
221 1730 267 1732 —
298 1709 421 1759 magis
453 1709 688 1747 blandiatur.
744 1710 921 1748 Musonio
949 1710 1087 1747 melius
1114 1722 1201 1747 cum
1226 1708 1343 1747 Gellii
1369 1708 1394 1758 ξ
1417 1711 1468 1747 13

133 1768 325 1804 consentit
361 1767 560 1806 Hierocles
602 1770 729 1818 capite
768 1768 925 1806 Stobaei
962 1768 1061 1805 illud
1098 1769 1370 1806 Musonianum
1408 1781 1469 1806 ex-

133 1822 300 1874 cipiente
333 1821 410 1878 (III
437 1841 471 1876 p.
501 1828 554 1864 98
575 1822 664 1879 M):
702 1833 783 1873 πῶς
813 1825 998 1879 χρηστέον
1028 1830 1110 1872 τοῖς
1140 1831 1338 1878 γονεῦσινς
1376 1829 1468 1864 tunc

102 1890 103 1893 ’
132 1884 235 1921 idem
262 1884 411 1922 Taurus
439 1886 519 1923 eius
545 1887 735 1935 interpres
762 1886 1040 1924 existimandus
1067 1887 1136 1933 est,
1168 1886 1235 1934 qui
1261 1887 1359 1923 teste
1384 1886 1468 1923 loco

228 2022 259 2062 1)
285 2021 353 2054 Vd.
375 2020 542 2055 Ribbeck
565 2025 639 2055 120.
686 2021 737 2054 Ex
760 2021 916 2055 Asconio
942 2023 1069 2056 contra
1095 2022 1358 2056 obtrectatores
1379 2021 1467 2054 Ver-

131 2067 213 2111 gilii
238 2067 303 2101 Ne.
326 2071 404 2108 271,
431 2068 494 2101 cfr.
516 2067 615 2102 Beck
635 2070 740 2103 Prob.
764 2072 816 2102 10.

228 2117 261 2157 2)
289 2114 358 2149 cfr.
381 2114 547 2149 Ribbeck
570 2119 634 2149 145
656 2116 768 2159 Steup
792 2120 855 2149 111
878 2115 976 2150 Beck
997 2117 1104 2150 Prob.
1127 2119 1169 2149 10
1195 2114 1301 2149 Thilo
1325 2114 1465 2159 Quaest.

133 2161 294 2196 Servium.
318 2165 359 2194 12
386 2162 438 2196 ed.
459 2162 553 2196 Serv.
571 2164 687 2205 praef.
709 2162 826 2196 XXIII
856 2162 1013 2196 Skutsch
1041 2163 1120 2196 Ans
1142 2163 1275 2206 Veryils
1294 2162 1469 2196 Frz'ihzm‘t

137 2211 203 2242 100
223 2209 305 2242 adn.

226 2258 259 2298 31>
287 2254 356 2289 Cfr.
378 2255 546 2289 Ribbeck
571 2259 646 2289 145.

225 2305 258 2338 41
286 2301 355 2335 Cfr.
377 2302 574 2336 Praechter
601 2304 782 2337 Hierocles
808 2304 869 2337 der
895 2303 1032 2337 Stoz'km·
1056 2315 1090 2346 p.
1113 2306 1173 2344 5ος
1195 2306 1238 2336 53
1260 2302 1342 2336 adn.
1363 2306 1396 2337 4.
