1611 2474
174 86 261 127 280
726 83 774 118 vi
801 84 891 127 (VIJi
919 87 962 116 22

182 297 287 338 Quod
329 307 494 329 censores
534 307 669 338 equum
707 295 867 328 adimere
906 294 1004 327 soliti
1043 295 1127 326 sunt
1164 293 1349 337 equitibus
1388 304 1513 337 eorpu-

230 344 339 377 lentis
372 345 408 377 et
439 342 746 386 praepi11guibus2
786 342 1082 384 quaesitumque,
1118 342 1239 374 utrum
1272 351 1314 373 ea
1345 350 1400 374 res
1433 351 1514 373 oum

230 389 435 434 ignominia
461 400 506 423 an
533 389 708 422 incolumi
736 388 919 432 dignitate
946 387 1109 430 equitum
1136 387 1235 421 facta
1262 387 1319 421 sit.

146 486 157 515 1
269 473 409 513 Nimis
441 474 591 527 pingui
615 472 777 512 homini
804 475 845 512 et
872 471 1117 525 corpulento
1146 485 1335 512 Censores
1362 485 1514 524 equum
1553 488 1568 513 5

183 533 365 573 adimere
398 532 545 572 solitos
579 531 737 572 scilieet
770 532 907 571 minus
940 531 1134 571 idoneum
1167 533 1280 570 ratos
1307 544 1394 570 esse
1421 543 1515 570 cum

181 592 291 632 tanti
336 591 523 644 corporis
567 590 749 643 pondere
794 590 845 629 ad
887 590 1123 629 faciendum
1163 589 1314 641 equitis
1353 602 1515 628 munus,

145 649 281 691 2Non
320 649 431 689 enim
470 663 605 702 poena
643 649 685 688 id
722 648 821 701 fuit,
858 651 905 688 ut
942 648 1110 701 quidam
1149 648 1408 699 existimant,
1446 647 1516 687 sed

148 720 338 749 3munus
377 708 465 748 sine
503 707 735 762 ignominia
766 707 1069 747 remittebatur.
1130 705 1288 746 Tamen
1321 704 1441 746 Cato
1473 706 1516 745 in

186 767 394 819 oratione7
445 781 570 819 quam
621 766 676 806 de
727 766 985 806 sacrificio
1036 765 1299 805 commisso
1350 764 1517 817 scripsit
1538 781 1570 806 ιο

186 825 383 873 (XVIII
396 828 420 864 5
441 825 520 878 J),
556 825 685 865 obicit
717 825 824 864 hano
855 838 941 864 rein
976 824 1258 875 criminosius,
1288 823 1351 863 uti
1382 823 1516 877 magis

146 884 315 924 4videri
347 884 482 937 possit
514 897 607 923 eum
641 883 873 937 ignominia
904 883 1042 923 fuisse.
1105 881 1225 930 Quod
1258 882 1292 922 si
1323 882 1382 922 ita
1413 881 1516 921 aeci-

182 943 286 996 pias,
320 943 362 982 id
394 942 584 995 profecto
617 942 940 982 existimandum
974 944 1036 982 est
1066 955 1152 981 non
1184 941 1355 980 omnino
1387 940 1516 979 incul-

181 1004 328 1055 patum
367 1015 502 1053 neque
541 1001 769 1040 indesidem
808 1000 943 1040 visum
983 1014 1089 1052 esse,
1130 999 1247 1039 cuius
1286 1012 1436 1051 eorpus
1473 998 1516 1037 in

180 1064 266 1100 tam
301 1060 559 1100 inmodicum
592 1059 764 1099 modum
797 1059 1050 1099 luxuriasset
1082 1058 1442 1110 exuberassetque.
1536 1075 1569 1099 15

276 1191 295 1220 ὁ
311 1198 387 1230 sqq.
415 1186 464 1220 IV
485 1190 539 1228 20,
563 1190 602 1219 11

275 1309 293 1337 5
320 1304 479 1338 hominis
505 1307 533 1336 V
559 1305 568 1338 11
595 1307 614 1336 6
642 1302 749 1336 solito
776 1316 802 1336 ω
826 1303 829 1347 Ι
853 1313 931 1336 esse
957 1303 1021 1336 del.
1049 1302 1104 1337 SR.
1129 1304 1133 1345 Ι
1157 1302 1253 1346 eum]
1281 1312 1362 1334 eum
1387 1301 1513 1343 opina-

174 1352 343 1442 ssmgogfd
363 1352 416 1385 vd.
440 1349 585 1392 Pradel,
611 1351 652 1384 cle
666 1361 831 1393 pompos.
853 1352 889 1383 ἰη’
910 1349 1094 1391 (Fleckeis.
1116 1361 1200 1383 αηη.
1221 1349 1337 1392 suppl.
1359 1348 1438 1381 XX
1447 1348 1512 1389 VJ)
