1617 2484
57 490 70 515 5

40 785 72 811 10

42 1080 73 1105 15

41 1375 75 1400 20

44 1668 76 1693 25

718 69 747 102 X
774 73 794 102 4
1342 68 1427 107 3423

728 200 787 241 IV

92 283 196 324 Quod
216 282 254 316 P.
275 282 449 326 Nigidius
477 282 710 325 argutissime
738 281 864 315 docuit
890 281 1039 314 nomina
1065 292 1136 314 non
1163 280 1321 324 positiva
1342 290 1430 321 csso,

140 330 202 364 sed
229 329 425 364 naturalia.

178 414 363 455 Nomina
395 414 606 466 verbaque
639 428 723 453 non
756 413 894 466 positu
929 413 1119 464 fortuito,
1152 412 1223 453 sed
1252 412 1429 465 quadam
1449 423 1465 451 1

92 475 133 514 vi
165 477 206 514 et
234 475 396 514 ratione
422 476 597 514 naturae
622 475 733 512 facta
759 487 848 512 esse
874 471 917 511 P.
938 471 1178 525 Nigidius
1204 472 1248 511 in
1275 485 1431 523 gram-

91 533 291 573 maticis
330 532 706 574 commentariis
745 532 883 583 docet,
921 545 1007 571 rem
1042 545 1140 570 sane
1173 531 1216 570 in
1248 530 1432 583 philoso-

92 592 216 645 phiae
249 591 616 632 discertationibus
649 590 865 631 celebrem.
929 589 1080 637 Quaeri
1114 589 1225 629 enim
1259 589 1466 629 solitum2

92 653 195 704 aput
226 650 517 704 philosophos,
549 650 678 702 φύσει
712 650 763 689 τὰ
796 649 987 702 ὀνόματα
1020 649 1104 688 sint
1136 647 1160 701 ἢ
1193 646 1325 688 θέσει.
1383 646 1468 687 In3

93 723 183 750 eam
206 724 293 749 rem
316 709 448 750 multa
468 711 717 763 argumenta
737 708 850 760 dicit,
877 722 950 747 cur
970 707 1102 748 videri
1122 707 1287 760 possint
1306 706 1434 747 verba

93 782 182 809 esse
213 768 422 808 naturalia
453 768 587 822 magis
620 782 745 820 quam
779 766 1010 807 arbitraria.
1068 765 1134 806 Ex
1168 766 1320 819 quibus
1353 766 1434 805 hoc

92 827 228 867 visum
256 830 318 867 est
343 827 529 880 lepidum
557 829 598 867 et
617 827 815 867 festivum
837 826 907 877 (fr.
928 828 981 865 4]
996 824 1114 878 ὅκως
1143 824 1273 865 ‘Vos’
1296 825 1469 878 inquit4

93 900 199 927 cum
241 886 474 938 dicimus,
518 888 654 926 motu
699 885 910 937 quodam
957 885 1057 924 oris
1103 884 1434 924 conveniente

93 959 200 986 cum
256 945 418 998 ipsius
471 944 612 985 verbi
663 944 1100 984 demonstratione
1149 943 1338 983 utimur
1389 948 1435 982 et

92 1004 262 1044 labeas
301 1004 485 1044 sensim
517 1004 763 1057 primores
796 1017 1079 1043 emovemus
1112 1016 1165 1042 ac
1199 1002 1433 1055 spiritum

94 1065 245 1116 atque
276 1063 489 1103 animam
522 1076 671 1116 porro
704 1076 900 1102 versum
935 1063 981 1102 et
1013 1061 1071 1101 ad
1101 1075 1200 1113 eos,
1233 1060 1434 1113 quibus*

96 1136 203 1163 cum
231 1122 641 1174 sermocinamur,
666 1121 987 1161 intendimus.
1037 1118 1101 1160 At
1128 1122 1302 1160 contra
1329 1132 1435 1160 cum

95 1181 308 1221 dicimus
347 1180 479 1233 ‘nos',
523 1194 683 1232 neque
720 1180 929 1232 profuso
968 1179 1268 1231 intentoque
1305 1178 1435 1218 flatu

94 1240 234 1280 vocis
295 1253 454 1292 neque
515 1239 761 1292 proiectis
819 1238 977 1278 labris
1033 1237 1437 1291 pronuntiamuS,

96 1298 180 1339 sed
224 1301 272 1339 et
316 1298 552 1352 spiritum
597 1300 644 1338 et
680 1297 851 1337 labeas
891 1297 1033 1350 quasi
1071 1297 1205 1337 intra
1242 1299 1437 1337 nosmet

94 1358 233 1410 ipsos
271 1371 570 1398 coercemus.
632 1356 738 1397 Hoc
776 1356 901 1396 iden]
939 1356 1003 1396 fit
1036 1358 1083 1396 et
1115 1356 1164 1395 in
1196 1369 1269 1407 eo,
1307 1355 1437 1407 quod

95 1416 307 1457 dicimus
336 1416 431 1469 ‘tu’,
460 1416 580 1470 ‘ego'
610 1418 656 1456 et
684 1414 809 1455 ‘tibi'
838 1418 885 1455 et
907 1414 1071 1455 ‘mihi'.
1121 1413 1437 1466 Nam-sicuti,

95 1489 202 1516 cum
236 1475 498 1515 adnuimus
531 1477 578 1515 et
609 1474 894 1526 abnuimus,
925 1476 1090 1514 motus
1120 1473 1320 1526 quidam
1347 1472 1437 1513 ille

95 1534 174 1574 vel
217 1534 401 1587 capitis
445 1534 525 1574 vel
569 1533 828 1574 oculorum
873 1547 897 1572 a
940 1535 1120 1573 natura
1160 1532 1249 1585 rei,
1293 1546 1437 1585 quam

97 1592 380 1647 significat,
430 1607 529 1633 non
578 1591 835 1644 abhorret,
884 1591 955 1632 ita
1004 1591 1054 1632 in
1103 1590 1180 1631 his
1227 1590 1437 1631 vocibus

99 1651 242 1704 quasi
281 1654 453 1706 gestus
493 1651 692 1704 quidam
726 1650 827 1691 oris
860 1653 906 1690 et
939 1650 1153 1703 spiritus
1185 1649 1437 1690 naturalis

97 1712 182 1751 est.
244 1709 427 1750 Eadem
464 1710 596 1750 ratio
635 1712 710 1750 est
746 1709 797 1750 in
830 1707 1033 1749 Graecis
1073 1722 1270 1761 quoque
1305 1708 1437 1748 voci-

97 1768 206 1821 bus,
239 1782 382 1821 quam
416 1783 522 1809 esse
554 1768 605 1808 in
635 1768 826 1808 nostris
859 1767 1319 1808 animadvertimus.

192 1899 235 1929 ‘26
264 1895 454 1939 Chrysipp.
477 1905 533 1939 ap.
557 1894 683 1929 Galen.
706 1894 738 1927 V
756 1906 790 1938 p.
814 1898 880 1928 216
895 1894 939 1931 K.

194 2017 212 2046 7
240 2012 526 2047 diserationibus
545 2016 577 2045 X
603 2012 745 2046 dissert.
768 2023 787 2046 6
814 2012 1146 2057 disceptationibus
1169 2012 1359 2054 Mercklin,
1378 2012 1439 2046 sed

98 2061 154 2095 vd.
178 2061 296 2103 Goetz,
323 2060 457 2094 Archiv
481 2060 508 2101 f.
530 2060 618 2093 Leoe.
639 2061 689 2093 II
704 2062 772 2094 347
791 2060 802 2103 Η
822 2062 841 2093 8
869 2059 965 2093 ΤὰΟ
986 2058 1059 2103 (Gr.
1082 2061 1121 2103 Q)
1141 2059 1333 2092 nominata
1353 2060 1439 2092 sunt

99 2108 187 2151 (sint
199 2109 239 2152 B)
260 2108 289 2142 δ
307 2108 319 2152 Η
339 2111 358 2140 9
380 2107 412 2140 d.
436 2107 513 2151 cur]
535 2107 578 2139 dr
596 2110 652 2139 ΒΖ
674 2106 741 2140 dsn·
756 2109 782 2143 Q,
801 2108 811 2150 Η
832 2110 875 2140 10
895 2109 1030 2140 natura
1049 2108 1106 2150 (ecc
1125 2108 1215 2140 natu
1231 2108 1270 2150 Q)
1292 2105 1366 2140 alia
1379 2106 1409 2140 δ
1427 2106 1438 2150 Η

100 2158 141 2188 11
168 2155 260 2200 inq]
282 2154 379 2189 enim
400 2155 445 2187 11
459 2155 470 2198 Η
492 2157 535 2187 14
554 2153 660 2187 labas
678 2165 703 2198 γ
728 2155 739 2197 Η
766 2157 807 2186 16
829 2154 961 2197 quibus
983 2164 1156 2187 conserm.
1179 2154 1303 2197 (cums.
1325 2155 1362 2197 Ζ)
1382 2155 1438 2185 ΒΖ

99 2212 182 2235 cum
201 2213 267 2236 om.
287 2205 319 2234 X
343 2203 354 2245 Η
381 2204 423 2234 19
449 2200 554 2234 labas
577 2212 601 2244 γ
620 2202 631 2244 Η
651 2204 692 2234 21
720 2202 761 2234 tu
782 2211 846 2235 om.
868 2204 890 2233 Z
916 2202 996 2234 tum
1017 2204 1077 2238 ΩΒ
1102 2203 1144 2235 tu
1170 2202 1207 2235 et
1227 2202 1272 2234 Π
1294 2202 1304 2244 Η
1330 2204 1374 2233 24
1400 2199 1439 2233 id

99 2249 175 2282 iam
199 2248 299 2293 hi(i)s
326 2247 473 2292 (iambis
493 2250 532 2292 B)
552 2248 582 2282 d*
606 2248 661 2281 ita
685 2247 760 2281 iam
786 2247 843 2281 his
864 2249 975 2283 Hertz
