1617 2484
624 55 686 88 VII
715 54 789 98 (XVI)
820 58 877 96 163
908 57 947 87 17
1369 52 1453 92 303

118 180 214 206 non
253 167 412 216 erant,
451 164 531 204 sed
572 163 721 204 etiam
757 162 932 202 Claudi
969 161 1210 202 invidiam
1245 160 1454 200 Gracchi

119 224 304 265 caritas
356 223 738 276 deprecabatur3
788 222 856 262 hic
907 235 1074 274 quoque
1119 221 1218 260 iteni
1265 234 1349 259 11011
1393 222 1456 259 est

119 283 254 323 ‘valde
292 282 570 335 precabatur’,
608 282 678 321 sed
718 281 836 333 quasi
876 279 1151 333 propulsabat
1182 279 1381 319 invidiam
1416 280 1457 318 et

120 341 365 382 defensabat
397 341 616 392 invidiam,
649 340 761 392 quod
796 339 942 379 Graeci
976 339 1214 392 propinqua
1247 338 1454 391 significa-

85 417 98 442 5
119 401 233 441 tione
265 404 570 453 παραιτεῖσθαι
605 399 759 439 dicunt.

207 458 311 499 Item
363 474 449 512 pro
500 457 629 498 Aulo
681 456 891 497 Caecina
935 455 1033 502 (XI
1057 459 1129 499 30)
1181 455 1456 496 consimiliter
1473 466 1513 495 12

120 517 293 559 Cicero
326 518 454 558 verbo
487 518 569 557 isto
602 517 746 557 utitur.
803 515 927 564 Quid
958 515 1097 567 inquit
1121 514 1238 554 huic
1264 514 1455 554 homini

119 577 305 618 facias?
350 591 512 617 nonne
556 576 800 616 concedas
845 574 1113 625 interdum,
1157 577 1210 613 ut
1254 586 1455 613 excusa-

120 637 258 676 tione
303 649 519 676 summae
557 634 813 675 stultitiae
852 647 1070 673 summae
1107 632 1456 685 improbitatis

68 713 101 738 10
121 695 286 735 odium
338 694 663 747 deprecetur?
737 691 841 733 Item
892 692 942 732 in
986 690 1189 731 Verrem
1238 691 1514 731 actionis13

120 753 366 794 secundae
405 753 564 806 primo
599 752 731 805 (112,
760 754 823 801 78,
850 754 969 797 192):
1008 749 1151 791 Nunc
1188 764 1303 790 vero
1340 749 1457 802 quid

120 813 275 853 faciat
301 811 634 852 Hortensius?
666 810 978 851 avaritiaene
1008 809 1218 849 crimina
1244 809 1458 863 frugali-

120 872 242 912 tatis
277 870 513 911 laudibus
546 870 870 924 deprecetur?
931 868 995 908 At
1026 868 1274 908 hominem
1308 867 1457 921 flagi-

120 930 471 982 tiosissimum,
488 929 969 970 libidinosissimum
992 927 1458 980 nequissimumque

70 1007 101 1033 15
122 989 358 1030 defendit.
416 987 486 1029 Sic
517 989 647 1043 igitur
673 986 904 1028 Catullus
938 987 1081 1027 eadem
1115 1000 1158 1026 se
1183 986 1319 1026 facere
1346 985 1458 1037 dicit,

122 1062 228 1100 quae
259 1047 467 1100 Lesbiam,
500 1048 611 1100 quod
641 1050 682 1088 et
708 1046 974 1087 malediceret
1000 1046 1035 1085 ei
1063 1045 1200 1098 palam
1228 1047 1458 1097 respueret—

122 1121 202 1160 que
235 1109 276 1147 et
305 1109 517 1147 recusaret
549 1107 908 1158 detestareturque
940 1105 1104 1144 assidue
1134 1106 1174 1144 et
1200 1107 1339 1144 tamen
1367 1118 1457 1143 eam

122 1166 290 1219 penitus
323 1166 539 1218 deperiret.

730 1281 852 1322 XVII

70 1375 102 1399 20
124 1362 212 1404 Quis
239 1363 401 1396 omnium
427 1364 566 1407 primus
595 1363 706 1396 libros
726 1362 873 1406 publice
893 1361 1106 1405 praebuerit
1126 1360 1316 1405 legend0s;
1345 1370 1460 1404 quan-

169 1412 302 1454 tusque
328 1422 498 1444 numerus
524 1410 637 1444 fuerit
656 1410 810 1444 Athenis
838 1411 922 1443 ante
949 1408 1072 1442 clades
1094 1408 1257 1441 Persicas
1284 1407 1459 1441 librorum

170 1457 207 1490 in
234 1457 468 1491 bibliothecis
494 1457 735 1501 publicorum.
1284 1456 1286 1459 ’

210 1540 361 1582 Libros
388 1540 567 1582 Athenis
600 1542 917 1595 disciplinarum
949 1541 1187 1581 liberalium
1215 1539 1382 1593 publice
1409 1539 1461 1579 ad
1500 1550 1515 1578 1

122 1601 347 1655 legendum
380 1601 639 1654 praebendos
672 1601 832 1654 primus
865 1600 1056 1653 posuisse
1089 1599 1241 1639 dicitur
1268 1598 1460 1638 Pisistra-

71 1677 102 1702 25
122 1663 190 1699 tus
228 1662 442 1713 tyrannus.
508 1659 717 1713 Deinceps
757 1659 984 1699 studiosius
1023 1658 1342 1709 accuratiusque
1379 1657 1461 1710 ipsi

123 1717 401 1759 Athenienses
440 1721 662 1770 auxerunt3
702 1718 773 1758 sed
809 1732 975 1758 omnem
1008 1717 1123 1757 illam
1156 1718 1303 1770 postea
1334 1715 1460 1755 libro-

122 1791 215 1816 rum
273 1777 437 1830 copiam
486 1776 645 1818 Xerxes
694 1776 957 1817 Athenarum
1008 1776 1168 1829 potitus
1218 1775 1321 1815 urbe
1370 1775 1461 1827 ipsa

124 1838 288 1889 praeter
319 1849 455 1876 arcem
488 1836 657 1876 incensa
688 1836 864 1876 abstulit
892 1835 1207 1888 asportavitque
1232 1834 1276 1874 in
1301 1832 1460 1874 Persas.

219 1978 238 2007 5
266 1973 546 2016 ceL1143,54
686 1978 725 2007 11
755 1972 842 2007 cet
863 1973 894 2006 V
918 1976 993 2015 189,
1017 1975 1058 2005 17
1199 1975 1333 2016 23sqq.
1363 1972 1459 2007 Suet.

125 2020 166 2054 fr.
190 2024 255 2054 102
270 2021 310 2054 R.
334 2039 376 2049 Ξ
397 2021 481 2054 isid.
504 2021 552 2054 vi
573 2024 603 2062 3,
626 2024 645 2053 3

221 2155 236 2183 1
265 2150 390 2195 grechi
418 2150 571 2184 cai-istas
591 2154 619 2183 V
639 2152 649 2194 ΙΙ
670 2154 688 2183 3
716 2150 893 2183 invidiam
920 2149 984 2184 del.
1007 2161 1027 2187 ς
1047 2152 1058 2194 Η
1078 2152 1097 2183 6
1125 2160 1240 2183 ceuna
1261 2160 1342 2183 cum
1363 2149 1462 2182 simi-

125 2197 210 2231 liter
233 2201 262 2230 V
288 2208 375 2232 corr.
401 2198 463 2232 Gr.
484 2199 495 2241 ΙΙ
517 2200 534 2230 7
563 2196 666 2238 Quod
691 2200 720 2230 V
743 2199 746 2242 Ι
769 2197 855 2230 huic
879 2199 921 2230 tu
950 2197 1018 2232 Cic.
1039 2199 1050 2241 Η
1070 2200 1089 2230 8
1116 2197 1379 2230 excausacione
1404 2199 1433 2228 V
1451 2195 1463 2241 ΙΙ

128 2248 169 2278 13
202 2245 249 2278 ad
275 2265 317 2269 —
346 2244 522 2278 defendat
546 2248 575 2277 V
607 2255 654 2278 an
680 2265 723 2268 —
751 2244 949 2278 defendat?
977 2255 996 2277 6
1020 2246 1031 2288 Η
1059 2247 1100 2277 16
1130 2254 1283 2288 quaeres
1307 2243 1408 2277 uiam
1433 2245 1462 2275 V

125 2303 214 2327 corr.
238 2291 299 2326 Gr.
325 2293 328 2335 Ι
352 2291 464 2336 quod]
492 2291 555 2335 qui
576 2303 594 2328 ς
615 2293 626 2335 ΙΙ
646 2295 688 2324 22
715 2291 875 2335 publicis
897 2292 1008 2325 Hertz
