1591 2474
175 76 358 111 XXXVIII
707 77 975 112 PRAEFATIO

170 201 199 225 0.
229 189 280 224 14
315 201 358 224 ex
391 189 512 226 'I'auri
543 191 581 225 in
613 189 817 227 Platonem
848 192 1137 228 commentariis
1164 187 1349 243 (31151)
1376 214 1422 217 *-
1451 194 1499 230 16

171 259 215 283 ex
235 246 360 284 Probo
382 248 473 297 (W-Me.
494 248 571 284 ind.
597 249 647 284 13
669 247 787 285 Hertz
804 259 861 295 op.
878 248 923 285 G.
943 244 1043 300 129)
1062 270 1109 274 —
1131 251 1180 286 17
1203 263 1247 286 ex
1269 247 1500 299 Suetonio.¹)

257 305 353 342 VIII
377 309 395 342 1
432 319 476 342 ex
509 306 642 344 eodem
668 307 944 344 commentario
972 310 1015 344 ut
1041 308 1074 344 X
1096 309 1149 345 24
1176 309 1327 346 collatis
1355 308 1501 348 Charis.

172 365 265 410 207,
295 366 347 401 20
380 365 478 402 Non.
507 364 544 401 II
571 378 606 413 p.
636 365 701 417 98,
730 368 779 402 21
812 365 880 402 Ne.
905 366 985 403 273
1007 387 1053 390 —
1074 367 1096 402 5
1124 366 1272 416 Hygini
1298 368 1360 404 vel
1386 368 1502 406 Probi

170 423 308 460 faciem
341 424 585 471 coloremque
616 425 701 472 ipso
735 437 779 461 ex
810 424 991 461 lemmate
1023 426 1297 463 enitescentem
1329 428 1502 475 spectare

169 480 264 517 mihi
298 476 473 520 vide0r2‘)
500 503 547 506 —
574 483 596 518 6
631 495 675 519 ex
708 483 853 529 Tauro,
891 484 924 520 si
956 483 1082 521 verbis
1114 484 1322 530 credimus,
1355 498 1399 522 ex
1431 485 1502 522 Fa-

172 541 324 585 vorino,
362 542 395 577 si
433 543 706 590 argumentum
740 543 779 578 et
810 542 984 590 exempla
1016 554 1103 579 cum
1134 542 1152 578 I
1179 544 1202 580 3
1236 544 1501 582 contendimus

175 619 221 622 ——
251 600 270 634 7
305 599 491 636 Varronis
529 612 588 637 res
627 601 692 650 agi
730 600 900 647 videtur3
937 613 1027 637 nam
1059 601 1177 638 etiam
1208 601 1306 638 Plin.
1333 602 1409 639 VII
1437 604 1501 649 24,

169 657 221 693 88
237 669 318 705 sqq.
352 657 449 694 talia
484 659 660 707 exempla
691 660 900 696 memoriae
933 662 1070 697 acutae
1102 662 1140 696 et
1172 661 1344 697 minutae
1377 661 1500 708 affert,

168 728 282 763 quem
314 716 445 764 copias
472 717 630 754 Reatini
661 718 848 766 recepisse
874 718 1033 755 Miinzer
1062 720 1140 755 116
1169 720 1390 767 suspicatur
1409 742 1455 745 —
1477 722 1498 756 9

167 786 210 810 ex
248 774 441 812 Favorino
479 775 662 824 Rudolph
698 776 799 814 stud.
832 776 935 825 Lips.
968 777 1043 813 VII
1077 778 1142 823 63,
1186 780 1306 823 recte,
1343 780 1418 816 nisi
1457 791 1501 815 ex

167 833 300 870 eodem
332 833 440 870 fonte
471 846 547 882 quo
577 847 606 871 o.
632 830 696 886 73)
718 857 763 860 —
786 838 833 872 11
865 848 908 872 ex
935 835 1079 882 eodem⁷
1105 836 1205 873 unde
1232 836 1249 873 I
1274 838 1336 882 17,
1361 839 1498 875 1—12

169 903 217 928 an
253 904 296 928 ex
329 891 472 939 Probo,
510 904 596 930 cum
628 894 804 932 Donatus
837 897 874 931 et
907 893 1062 932 Servius
1094 895 1197 932 idem
1228 895 1424 932 tractent‘)
1450 918 1496 921 ——

170 952 221 986 14
264 963 308 987 ex
345 950 497 1000 Nigidii
534 954 737 990 comment.
777 956 981 1002 grammat.
984 948 1018 1004 4)
1057 975 1103 978 *
1143 954 1192 990 15
1232 966 1277 990 ex
1316 953 1499 992 Suetonio

169 1003 258 1059 (Ru.
287 1010 340 1045 44
373 1011 526 1047 secutus
559 1011 915 1049 Reifferscheidium
947 1026 982 1060 p
1012 1007 1125 1063 424).

253 1067 307 1104 IX
346 1070 369 1105 2
415 1081 459 1105 ex
496 1069 648 1107 Herode
687 1072 755 1107 aut
793 1083 837 1107 ex
874 1070 1054 1119 Epicteto
1092 1070 1253 1107 Arriani
1291 1065 1380 1123 (Ru.
1415 1067 1498 1122 50).

166 1125 265 1163 Tota
303 1129 433 1164 autem
470 1127 614 1165 fabella
651 1128 741 1166 ficta
779 1131 846 1166 est.
909 1128 997 1166 Non
1028 1129 1183 1166 Atticus
1216 1129 1499 1168 mendicantem

164 1186 221 1221 ita
252 1187 454 1232 tractavit,
490 1186 556 1224 sed
589 1186 797 1236 Staginta,
829 1201 898 1226 nec
930 1187 1184 1236 philosophus
1216 1190 1285 1225 aut
1316 1189 1383 1236 qui
1415 1189 1499 1238 phi·

163 1243 369 1292 losophum
401 1257 515 1294 agere
546 1246 587 1281 in
620 1246 725 1283 lucro
758 1246 943 1295 ponebat,
977 1248 1009 1284 is
1042 1248 1136 1293 erat,
1168 1248 1237 1294 qui
1268 1247 1408 1296 stipem
1439 1260 1499 1286 ro-

164 1301 293 1351 gabat.
354 1303 456 1339 Nam
493 1305 592 1341 mira
628 1307 791 1353 apparet
822 1306 1021 1343 consensio
1054 1305 1155 1342 inter
1186 1305 1303 1343 verba
1334 1305 1497 1343 Herodis

166 1357 313 1398 ‘demus
353 1362 555 1410 tamquam
592 1363 783 1410 homines⁷
827 1377 904 1401 non
941 1366 1143 1412 tamquam
1180 1361 1342 1401 homini’
1383 1366 1421 1402 et
1458 1366 1497 1401 in

166 1419 366 1457 simillima
404 1432 443 1457 re
482 1420 705 1459 Aristotelis
744 1422 847 1471 apud
884 1422 996 1472 Diog.
1027 1422 1068 1459 L.
1095 1423 1130 1458 V
1160 1425 1194 1467 1,
1225 1425 1272 1459 11
1303 1417 1415 1474 (21):
1453 1422 1498 1460 οὐ

163 1480 213 1530 τῷ
252 1476 450 1531 ἀνθρώπῳ
494 1478 636 1527 ἔδωκα,
680 1478 774 1518 ἀλλὰ
816 1483 867 1533 τῷ
910 1475 1198 1533 ἀνθρωπίνῳ.5)
1271 1481 1498 1531 Philosophi

163 1536 278 1574 huius
321 1535 607 1588 ἀποφθέγματα
645 1551 689 1575 ex
728 1542 839 1588 parte
877 1541 1055 1577 oriuntur
1093 1552 1137 1576 ex
1175 1540 1360 1577 Favorini
1397 1553 1497 1578 com-

259 1698 290 1740 1)
318 1696 375 1730 Sic
395 1696 658 1732 Reifferscheid
678 1710 711 1742 p.
734 1702 801 1732 420
822 1698 863 1732 fr.
888 1701 969 1739 102;
997 1698 1086 1732 item
1112 1700 1176 1732 aut
1200 1709 1243 1732 ex
1264 1698 1426 1732 Varrone
1453 1699 1496 1732 de

163 1742 398 1778 bibliothecis
431 1743 497 1777 Ru.
525 1748 585 1786 313
611 1748 672 1785 44;
705 1755 748 1779 ex
773 1745 900 1779 Verrio
927 1745 1059 1779 Flacco
1086 1745 1167 1779 coll.
1191 1745 1308 1779 Paulo
1334 1758 1367 1789 p.
1398 1748 1452 1788 34,
1477 1750 1496 1779 6

164 1790 232 1824 Me.
253 1790 327 1824 ind.
351 1794 370 1824 9
396 1801 599 1835 perperam.

256 1840 289 1877 2)
316 1837 369 1870 Ex
394 1838 551 1872 Asconio
578 1840 704 1872 contra
730 1838 996 1872 obtrectatores
1022 1838 1087 1872 Ne.
1110 1842 1186 1872 271.

257 1887 289 1927 3)
316 1884 498 1919 Herodem
533 1885 698 1919 Atticum
736 1886 864 1919 eodem
907 1885 1004 1920 malo
1042 1887 1183 1920 tactum
1221 1885 1420 1929 aegerrime
1459 1886 1496 1919 id

163 1930 290 1964 tulisse
314 1931 570 1973 Philostratus,
598 1933 660 1976 qui
686 1932 852 1976 exemplo
872 1932 1128 1966 Demosthenis
1154 1933 1416 1967 conviciatores
1443 1943 1495 1966 re-

163 1978 271 2019 futat,
298 1978 359 2011 vit.
385 1979 485 2022 soph.
506 1979 539 2012 Π
560 1983 590 2021 1,
614 1982 655 2012 14
680 1979 804 2013 tradit.
856 1979 986 2013 Vtrum
1012 1978 1151 2013 Gellius
1177 1979 1242 2013 has
1268 1979 1495 2013 narrationes

162 2023 218 2058 illi
256 2024 433 2068 surripuit
465 2036 511 2059 an
544 2036 627 2059 eum
658 2028 868 2060 narrantem
899 2026 1068 2060 induxit?
1121 2026 1162 2060 In
1194 2026 1365 2060 lemmate
1398 2026 1495 2069 quod

162 2082 293 2105 nomen
319 2071 434 2105 Attici
460 2083 532 2106 non
559 2074 730 2117 apparet,
756 2083 828 2106 non
854 2072 993 2107 obstat:
1022 2084 1089 2107 nec
1113 2073 1163 2107 III
1184 2077 1200 2107 1
1228 2073 1260 2106 X
1282 2076 1323 2106 12
1350 2072 1431 2106 XIII
1452 2077 1495 2107 25

162 2118 245 2151 XVI
267 2122 283 2151 1
305 2118 404 2151 XVII
427 2122 467 2152 19
492 2119 673 2161 Favorini,
700 2120 761 2163 qui
788 2119 965 2154 maximas
991 2122 1114 2164 partes
1140 2120 1230 2164 agit,
1255 2119 1332 2153 ulla
1358 2119 1494 2154 mentio

164 2165 202 2198 in
228 2164 349 2198 indice
375 2165 415 2199 fit
440 2177 507 2200 nee
533 2166 615 2199 XIII
636 2171 677 2200 29
705 2167 908 2200 Frontonis.

255 2214 289 2255 4)
317 2211 386 2245 Cfr.
413 2212 592 2246 Swoboda
620 2217 671 2246 12.

257 2261 289 2302 5)
317 2257 385 2292 cfr.
409 2258 507 2293 Stob.
528 2259 562 2292 fl.
583 2259 750 2293 XXXVII
770 2264 812 2294 32
836 2260 882 2303 (Π
900 2272 934 2304 p.
956 2259 1088 2303 45M„)
1114 2259 1271 2303 gnomol.
1289 2260 1405 2294 Vatic
1430 2264 1494 2294 139

164 2304 317 2348 Steran
344 2305 454 2349 paulo
482 2306 590 2340 aliter
615 2307 719 2350 Diog.
742 2307 778 2340 L
800 2307 832 2340 V
855 2311 883 2349 1
907 2311 946 2340 11
969 2309 1050 2351 (17).
