1602 2484
598 65 834 99 CAPITVLA
862 65 947 99 LIB.
977 65 1007 98 X
1424 65 1481 105 23

222 173 257 215 V
296 173 492 214 ‘Avarus'
526 173 762 226 simplexne
795 174 1048 214 vocabulum
1081 174 1153 225 sit,
1188 188 1242 213 an
1275 174 1484 226 composi-

129 237 219 274 tum
253 236 294 273 et
325 233 494 285 duplex,
527 233 636 273 sicut
668 232 710 272 P.
738 231 914 287 Nigidio
948 232 1123 272 videtur.

217 290 278 332 VI
322 291 499 331 Multam
539 291 693 331 dictam
732 306 822 331 esse
860 292 912 331 ab
952 290 1160 331 aedilibus
1194 289 1333 344 plebei
1366 289 1480 343 Appi

130 350 253 391 Caeci
274 350 399 402 filiae,
425 350 592 390 mulieri
613 350 760 401 nobili,
782 351 894 403 quod
916 350 1057 390 locuta
1078 352 1188 390 essct
1208 349 1479 403 petulantius

218 408 300 449 VII
350 409 612 461 Flumfflum,
661 423 768 462 quae
813 409 923 449 ultra
967 408 1193 462 imperium
1244 407 1477 448 Romanum

129 468 278 521 fluunt,
302 468 438 521 prima
459 468 750 522 magnitudine
772 482 861 508 esse
882 467 1042 519 Nilum,
1070 467 1253 508 secunda
1274 466 1482 517 Histrum,

128 527 322 580 proxima
343 526 578 579 Rodanum,
606 526 729 567 sicuti
750 526 803 566 Μ.
826 526 1061 567 Varronem
1089 526 1261 566 memini
1287 526 1480 566 scribere.

218 584 322 626 VIII
354 584 469 625 Inter
495 586 749 639 ignominias
772 585 987 636 militares,
1015 584 1169 639 quibus
1191 584 1346 625 milites
1368 598 1480 625 coer<

129 644 341 697 cebantur,
367 645 496 684 fuisse
523 644 740 698 sanguinis
762 645 1072 695 dimissionem3
1099 647 1140 684 et
1161 658 1367 696 quaenam
1391 658 1480 684 esse

128 703 321 744 videatur
352 717 477 744 causa
510 702 801 743 huiuscemodi
835 703 1137 758 castigationis.

217 761 279 802 IX
331 761 494 810 Quibus
544 762 680 802 modis
726 776 895 815 quoque
940 762 1089 802 habitu
1134 761 1243 801 acies
1290 760 1482 801 Romana

127 820 279 861 instrui
324 821 449 861 solita
494 820 564 873 sit3
609 835 800 874 quaeque
845 835 988 861 earum
1029 820 1357 860 instructionum
1397 819 1483 860 sint

127 879 345 920 vocabula.

218 937 256 978 X
295 937 410 987 Quae
444 938 532 978 eius
564 938 624 978 rei
658 951 782 978 causa
816 938 882 991 sit,
915 938 1028 991 quod
1061 940 1103 978 et
1137 936 1286 978 Graeci
1319 940 1481 978 veteres

124 999 170 1037 et
201 996 383 1037 Romani
422 997 595 1037 anulum
634 996 716 1037 hoc
754 997 888 1051 digito
923 996 1198 1051 gestaverint,
1238 996 1310 1049 qui
1343 999 1406 1036 est
1439 996 1483 1036 in

126 1070 256 1096 manu
289 1055 460 1096 sinistra
491 1056 668 1096 minimo
701 1056 933 1109 proximus.

217 1112 276 1154 XI
314 1113 504 1155 Verbum
538 1114 732 1155 ‘mature'
767 1115 869 1168 quid
901 1114 1113 1168 significet
1147 1127 1339 1167 quaeque
1365 1113 1481 1153 vocis

128 1173 217 1214 eius
256 1173 364 1213 ratio
405 1173 476 1226 sit3
516 1176 557 1214 et
593 1174 705 1227 quod
737 1187 786 1213 eo
819 1173 947 1213 verbo
980 1172 1132 1227 volgus
1165 1172 1388 1212 hominum
1421 1172 1482 1211 in-

127 1232 299 1285 proprie
331 1235 492 1285 utatur3
525 1235 651 1285 atque
684 1232 802 1284 inibi,
836 1233 948 1285 quod
982 1231 1195 1285 ‘praecox'
1225 1230 1482 1271 declinatum

128 1290 375 1344 ‘praecocis’
408 1291 548 1344 faciat,
579 1305 665 1331 non
698 1290 991 1344 tpraecoquis’.

217 1347 298 1389 XII
330 1348 394 1389 De
420 1350 628 1403 portentis
655 1349 908 1401 fabularum,
936 1364 1042 1402 quae
1068 1348 1234 1388 Plinius
1263 1346 1480 1388 Secundus

128 1407 424 1462 indignissime
462 1408 506 1448 in
544 1408 837 1449 Democritum
875 1407 1181 1461 philosophum
1222 1406 1401 1460 confert3
1441 1410 1482 1447 et

129 1466 287 1507 ibidem
321 1467 370 1507 de
403 1467 628 1508 simulacro
662 1467 824 1507 volucri
857 1467 1089 1508 columbae.
1280 1464 1283 1465 ⁷

217 1523 321 1565 XIII
366 1524 488 1566 ‘Cum
526 1526 680 1579 partim
718 1525 956 1566 hominum’
997 1540 1079 1578 qua
1118 1525 1283 1565 ratione
1321 1526 1482 1565 veteres

126 1584 328 1625 dixerint.

217 1641 320 1683 XIV
371 1641 546 1683 ‘Iniuria
593 1643 700 1683 mihi
744 1644 905 1683 factum
950 1642 1048 1683 itur’
1096 1641 1214 1695 quali
1258 1641 1484 1682 verborum

128 1701 276 1742 ordine
310 1700 413 1742 Cato
447 1702 611 1742 dixerit.

217 1759 298 1800 XV
328 1759 393 1801 De
419 1760 603 1801 flaminis
623 1760 758 1801 Dialis
783 1760 917 1813 deque
937 1758 1175 1799 flaminicae
1196 1758 1485 1810 caerimoniis3

127 1818 340 1872 verbaque
371 1834 421 1859 ex
449 1819 586 1860 edicto
613 1819 820 1872 praetoris
848 1819 1055 1872 apposita,
1088 1817 1243 1871 quibus
1270 1817 1371 1857 dicit
1396 1831 1484 1857 non

128 1880 374 1918 coacturum
402 1892 445 1918 se
472 1878 523 1918 ad
550 1878 773 1917 iurandum
801 1891 937 1930 neque
962 1876 1149 1931 virgines
1170 1874 1326 1916 Vestae
1346 1889 1482 1928 neque

127 1934 309 1976 Dialem.

219 1993 321 2035 XVI
361 1994 475 2043 Quos
508 2009 668 2035 errores
695 1993 829 2034 Iulius
856 1993 1056 2049 Hyginus
1083 1994 1127 2034 in
1153 1996 1274 2034 sexto
1301 1992 1485 2048 Vergilii

127 2053 475 2094 animadverterit
507 2054 551 2093 in
583 2052 776 2093 Romana
806 2052 986 2093 historia
1017 2055 1189 2092 erratos.

220 2111 344 2152 XVII
380 2111 516 2160 Quam
550 2112 603 2152 ob
637 2126 807 2153 causam
840 2114 881 2152 et
913 2110 1029 2164 quali
1060 2111 1186 2151 modo
1213 2109 1484 2151 Democritus

128 2168 414 2224 philosophus
435 2170 669 2211 luminibus
692 2171 912 2211 oculorum
933 2184 1022 2210 sese
1037 2170 1284 2223 privaverit3
1304 2171 1345 2209 et
1359 2182 1488 2221 super

128 2242 178 2268 ea
217 2243 261 2268 re
299 2243 444 2269 versus
476 2228 646 2269 Laberii
684 2243 788 2282 pure
826 2229 1051 2269 admodum
1092 2231 1132 2268 et
1163 2230 1338 2268 venuste
1370 2227 1484 2267 facti.

223 2285 371 2327 XVIII
411 2286 603 2328 Historia
635 2288 684 2328 de
716 2286 963 2340 Artemisia3
996 2288 1130 2340 deque
1163 2300 1212 2327 eo
1246 2286 1487 2340 certamine,
