1591 2474
146 85 229 125 104
738 82 834 123 1183
861 84 880 114 9

145 193 332 246 corporis
360 192 402 232 in
428 194 562 231 morte
588 189 755 230 evidens
779 191 854 241 est,
878 202 964 228 non
984 190 1046 229 est
1064 191 1180 228 ratus
1199 187 1472 228 necessariam

145 266 234 292 esse
277 252 364 292 eius
408 249 756 300 admonitionem,
801 247 913 300 quod
957 247 1150 287 omnibus
1194 261 1343 299 prosus
1387 247 1474 286 erat

110 311 329 351 Sobvium.
391 307 525 349 Sicuti
563 307 706 359 etiam,
739 306 851 359 quod
884 304 1193 346 conclusionem
1226 304 1474 358 synlogismi

144 383 230 409 non
268 369 311 408 in
347 368 430 407 fine
467 367 627 420 posuit,
664 368 726 406 set
764 366 807 405 in
844 363 1068 418 principio:
1106 379 1202 404 nam
1235 363 1275 403 id
1309 376 1475 416 quoque

144 442 230 467 non
262 427 439 480 inperite
469 426 628 465 factum
661 424 754 477 quis
785 438 871 463 non
902 423 1042 463 videt‘?

111 497 129 526 9
232 483 351 538 Aput
387 483 647 524 Platonem
686 496 853 535 quoque
890 480 1034 522 multis
1073 482 1116 521 in
1152 480 1256 521 locis
1293 480 1474 532 reperias

146 543 428 598 synlogismos
461 542 679 595 repudiato
713 555 996 593 conversoque
1028 540 1171 580 ordine
1204 540 1297 591 isto,
1329 539 1400 591 qui
1433 538 1476 578 in

146 602 332 643 docendo
364 601 560 653 traditur,
592 613 686 640 cum
718 599 900 654 eleganti
932 598 1109 652 quadani
1142 597 1476 651 reprehensionis

146 661 459 714 contemptione
490 660 650 713 positos
683 672 782 699 esse.

782 832 841 872 IX

147 916 252 958 Quod
283 915 381 949 idem
407 914 626 948 Plutarchus
659 913 820 947 evidenti
853 912 1037 946 calumnia
1068 912 1219 945 verbum
1249 911 1294 944 ab
1320 911 1477 955 Epicuro

194 964 333 997 dictum
360 963 561 995 insectatus
589 961 645 994 sit.

112 1059 129 1088 1
234 1045 290 1087 In
333 1046 501 1087 eodem
545 1045 677 1084 libro
716 1044 825 1084 idem
864 1043 1166 1084 Plutarchus
1198 1042 1479 1095 (VIIp.101

146 1106 290 1159 Rern.)
334 1104 511 1145 eunde-m
552 1103 823 1156 Epicurum
867 1102 1152 1155 reprehendit,
1197 1102 1307 1154 quod
1352 1101 1478 1141 verbo

111 1176 247 1205 Qusus
286 1164 339 1204 sit
374 1177 521 1216 parum
554 1162 727 1215 proprio
760 1164 801 1202 et
832 1161 992 1201 alienae
1024 1160 1356 1215 significationis.
1416 1157 1480 1199 Ita

148 1224 259 1264 enim
305 1222 471 1262 scribsit
513 1220 763 1274 Epicurus
801 1220 915 1271 (sent.
943 1218 1029 1260 III
1042 1233 1083 1271 2).
1113 1221 1168 1259 72
1201 1218 1303 1272 Us.):
1336 1217 1479 1272 Ὅρος

146 1287 237 1322 τοῦ
283 1279 539 1335 μεγέθους
582 1286 681 1319 τῶν
724 1278 926 1332 ἡδονῶν
969 1277 994 1331 ἡ
1038 1277 1226 1325 παντὸς
1270 1282 1358 1317 τοῦ
1397 1275 1480 1317 ἀλ-

147 1346 372 1393 γοῦντος
409 1337 750 1391 ὑπεξαίρεσις.
814 1336 941 1377 ‘Non'
981 1337 1118 1389 inquit
1157 1336 1359 1384 ‘navvog
1390 1341 1479 1376 τοῦ

150 1398 454 1451 ἀλγοῦντος,
499 1396 569 1437 sed
613 1396 771 1444 παντὸς
814 1401 892 1436 τοῦ
937 1394 1139 1447 ἀλγεινοῦ
1184 1395 1320 1434 dicere
1361 1407 1480 1447 opor-

113 1457 247 1510 3tuit3
292 1456 494 1496 detractio
538 1455 649 1495 enim
694 1453 969 1508 significanda
1010 1456 1072 1494 est
1110 1453 1297 1505 doloris7'
1344 1453 1481 1505 inquit
1501 1468 1514 1492 Ξ

151 1516 251 1556 ‘non
283 1514 489 1555 dolentis.²

113 1585 133 1614 4
235 1572 374 1614 Nimis
412 1574 573 1612 minute
610 1585 657 1611 ac
694 1585 824 1624 prope
862 1571 988 1610 etiam
1023 1569 1254 1623 subfrigide
1285 1569 1481 1609 Plutar-

115 1632 269 1673 5chus
308 1633 351 1672 in
382 1631 601 1684 Epicuro
641 1629 872 1670 accusando
912 1627 1188 1681 λεξιθηρεῖ.
1249 1627 1337 1668 Has
1369 1629 1479 1668 enim

150 1705 269 1731 curas
313 1704 463 1731 vocum
502 1689 807 1740 verborumque
845 1687 1073 1742 elegantias
1112 1701 1196 1727 non
1233 1686 1358 1727 modo
1395 1701 1481 1727 non

150 1752 332 1790 sectatur
362 1749 630 1801 Epicurus,
662 1747 733 1787 sed
765 1746 891 1787 etiam
924 1747 1161 1786 insectatur.

246 1902 287 1932 16
313 1898 345 1931 Π
366 1902 397 1940 6,
420 1902 460 1930 12
605 1901 647 1930 22
674 1897 790 1930 Amm.
813 1896 986 1938 XVIIII,
1007 1900 1027 1929 4
1049 1895 1093 1929 al.

247 2043 263 2072 1
298 2040 354 2071 est
375 2039 481 2081 prius
506 2049 570 2071 om.
593 2040 621 2069 A
640 2039 650 2081 11
671 2041 689 2070 2
724 2036 804 2077 QVI
830 2039 857 2068 A
881 2038 883 2079 Ι
907 2034 1255 2069 PROSVMSERAT
1281 2037 1309 2067 A
1335 2045 1481 2078 prorsus

151 2087 230 2119 erat
256 2098 282 2118 ω
296 2085 307 2130 Η
321 2089 340 2117 3
368 2083 762 2118 CONIVNCTIONEM
782 2087 810 2116 A
836 2084 931 2116 unde
954 2084 993 2116 in
1013 2094 1041 2117 [υ.
1062 2085 1086 2115 2
1107 2082 1379 2116 adiunctionem
1399 2082 1455 2115 Sk.
1471 2081 1482 2127 Η

153 2136 170 2165 7
209 2131 418 2176 repudiato]
451 2135 479 2164 A
512 2133 585 2164 -tos
618 2144 644 2164 ω
668 2132 671 2174 Ι
695 2131 732 2164 in
771 2129 950 2175 docendo]
980 2133 1008 2162 A
1046 2130 1083 2162 in
1116 2128 1270 2162 dicendo
1295 2131 1359 2161 RV
1391 2128 1481 2161 inci-

151 2190 270 2224 dendo
296 2194 321 2223 Ρ
341 2192 351 2233 Η
371 2193 390 2223 s
418 2189 564 2233 quidem
592 2193 620 2221 v
639 2190 649 2232 ιι
672 2192 713 2222 13
740 2188 856 2221 ITEM
881 2191 910 2220 A
930 2190 940 2232 Η
961 2192 1001 2221 ‘21
1031 2187 1188 2221 dolentis
1206 2177 1284 2228 {sire
1310 2186 1436 2220 dolens
1455 2190 1482 2219 P

1498 847 1531 872 10

1500 1175 1532 1200 15
