1617 2484
696 61 727 94 v
755 65 796 94 21
1335 62 1418 101 239

79 168 316 208 ostentandi
361 182 496 220 neque
541 182 625 220 quo
664 168 816 221 ‘plura'
856 182 939 208 non
979 168 1198 208 dicendum
1240 172 1416 221 putaret.

78 225 156 266 Est
207 227 316 266 enim
369 226 560 267 doctrina
609 226 737 267 homo
788 227 894 267 seria
944 230 985 267 et
1029 227 1079 267 ad
1124 228 1234 267 vitae
1280 228 1418 267 officia

1457 240 1475 268 [ὗ

78 284 271 326 devincta
315 299 362 325 ac
406 285 510 325 nihil
551 285 600 325 (10
639 285 776 325 verbis
814 286 1043 325 laborante.
1114 284 1213 338 Sed,
1257 287 1419 339 opinor,
1457 300 1476 327 3

78 343 244 383 assidua
281 346 468 384 veterum
510 344 761 396 scriptorum
795 345 1046 384 tractatione
1079 345 1310 384 inoleverat
1342 345 1417 384 lin-

43 418 57 443 5
78 415 185 456 guae
217 402 330 442 illius
362 416 443 442 vox
453 435 463 454 ,
496 416 620 454 quam
655 403 697 442 in
729 402 848 442 libris
883 417 1004 455 saepe
1039 402 1278 443 offenderat.

137 459 313 512 Aderat,
356 475 450 501 cum
490 461 561 500 ille
599 460 679 501 hoc
717 461 836 513 dicit,
876 460 1153 513 refu-ehensor
1190 461 1418 501 audaculus

24 548 25 551 η
78 519 321 571 verborum,
365 519 437 571 qui
481 534 691 572 perpauca
735 519 963 571 eademque
1008 534 1031 559 a
1075 521 1201 573 volgo
1240 520 1419 572 protrita

79 577 238 631 legerat
276 576 543 629 habebatque
581 579 806 618 nonnullas
842 578 1087 631 disciplinae
1121 579 1419 633 grammaticae

79 635 433 676 inauditiunculas
472 637 625 689 partim
658 636 781 676 rudes
814 636 1115 689 inchoatasque
1148 638 1300 690 partim
1334 652 1419 677 non

29 711 59 736 ιο
79 694 233 747 probas
265 708 417 746 easque
451 695 568 746 quasi
599 696 814 747 pulvereni
850 695 903 735 ob
937 696 1093 747 oculos,
1126 710 1218 735 cum
1247 695 1418 735 adortus

80 766 290 805 quemque
315 752 464 805 fuerat,
490 753 779 807 adspergebat.
832 752 950 794 Sicut
975 756 1076 794 tunc
1100 754 1234 794 amico
1256 757 1418 794 nostro:

80 811 287 851 ‘barbare'
328 811 466 865 inquit
499 811 657 852 ‘dixisti
692 812 877 864 ‘pluria’3
915 827 1011 852 nam
1045 827 1180 864 neque
1213 813 1418 852 rationem

80 869 255 910 verbum
288 869 369 910 hoc
400 884 536 922 neque
563 871 835 910 auctoritates
861 870 1016 910 habet'.
1073 870 1136 910 lbi
1164 871 1234 910 ille
1261 871 1419 911 amicus

79 927 236 968 ridens:
277 928 442 968 ‘amabo
481 929 555 981 te,’
594 929 732 981 inquit
765 928 844 969 ‘vir
876 929 1003 981 bone,
1042 930 1140 981 quia
1172 943 1283 969 nunc
1315 928 1419 969 mihi

29 1003 60 1028 15
81 1001 104 1026 a
136 987 270 1041 magis
304 987 421 1027 seriis
452 987 577 1027 rebus
612 987 744 1027 otium
778 990 851 1039 est,
887 988 1011 1027 velim
1046 988 1194 1028 doceas
1226 1002 1315 1040 nos,
1347 1002 1420 1028 cur

82 1044 248 1098 ‘pluria’
289 1045 375 1085 sive
408 1045 673 1098 ‘compluria'
705 1070 761 1074 —
793 1046 901 1086 nihil
933 1047 1043 1086 enim
1077 1046 1216 1086 differt
1251 1071 1298 1074 —
1334 1060 1420 1086 non

80 1103 247 1156 Latine,
286 1103 357 1143 sed
395 1104 571 1144 barbare
607 1104 790 1144 dixerint
821 1103 875 1144 M.
910 1103 1031 1145 Cato
1065 1104 1134 1156 (fr.
1161 1107 1217 1145 24
1246 1103 1335 1157 P),
1373 1103 1419 1152 Q.

83 1161 322 1202 Claudius
360 1161 431 1214 (fir.
457 1166 512 1202 90
538 1161 627 1215 P),
668 1161 904 1203 Valerius
942 1161 1121 1203 Antias
1160 1163 1230 1215 (fr.
1259 1164 1311 1203 65
1338 1162 1420 1216 R),

80 1220 125 1260 L.
158 1219 333 1260 Aelius
368 1225 423 1273 (p.
449 1223 515 1274 36,
540 1224 600 1262 22
627 1220 750 1274 Me),
787 1220 830 1261 P.
858 1220 1096 1275 Nigidius
1129 1222 1198 1273 (fr.
1227 1224 1280 1261 64
1308 1220 1421 1273 Sua),

28 1295 61 1320 ρο
80 1278 134 1319 M.
166 1277 344 1331 Varro,
381 1293 487 1331 quos
527 1279 832 1332 subscriptores
870 1280 1256 1333 approbatoresque
1295 1279 1420 1319 huius

81 1337 198 1377 verbi
229 1337 433 1377 habemus
466 1340 631 1390 praeter
659 1341 878 1391 poetarum
907 1341 1205 1391 oratorumque
1230 1341 1419 1378 veterum

82 1396 259 1436 multam
297 1395 490 1448 copiam?
557 1395 699 1448 Atque
736 1397 807 1437 ille
845 1396 970 1436 nimis
1009 1399 1280 1450 arroganter:v
1310 1396 1418 1436 ‘tibi'

82 1455 220 1507 inquit
246 1454 416 1494 ‘habeas
442 1455 713 1495 auctoritates
740 1455 841 1495 istas
867 1470 918 1495 ex
941 1454 1182 1495 Faunorum
1209 1457 1251 1495 et
1270 1453 1420 1494 Abori-

83 1513 228 1567 ginum
262 1513 427 1553 saeculo
458 1513 659 1566 repetitas
691 1516 817 1566 atque
849 1513 948 1554 huic
976 1513 1130 1553 rationi
1156 1512 1420 1566 respondeas.

30 1588 62 1614 25
81 1569 259 1611 Nullum
280 1571 391 1611 enim
411 1572 664 1612 vocabulum
685 1574 881 1612 neutrum
897 1571 1231 1624 comparativum
1245 1585 1420 1611 numero

83 1629 293 1682 plurativo
325 1632 439 1670 recto
473 1643 571 1670 casu
597 1632 694 1670 ante
720 1632 953 1670 extremum
980 1644 1004 1669 a
1029 1629 1158 1670 habet
1184 1630 1197 1669 i
1223 1630 1421 1681 litteram,

84 1687 207 1728 sicuti
229 1688 430 1740 ‘meliora‚
450 1688 620 1740 maiora,
640 1688 861 1742 graviora’.
906 1687 1088 1728 Proinde
1108 1688 1239 1741 igitur
1257 1687 1421 1740 ‘plura’,

83 1759 169 1786 non
208 1746 374 1799 ‘pluria'
414 1746 496 1787 dici
534 1747 748 1799 convenit,
784 1761 837 1786 ne
876 1748 1022 1786 contra
1057 1746 1237 1786 formam
1276 1760 1421 1798 perpe-

83 1807 199 1845 tuam
238 1804 282 1843 in
319 1805 605 1857 comparativo
643 1805 657 1844 i
693 1805 835 1845 littera
872 1804 927 1844 sit
963 1807 1060 1844 ante
1099 1806 1331 1844 extremum
1369 1804 1419 1843 a.'

31 1879 65 1904 3ο
172 1861 279 1902 Tum
312 1863 383 1902 ille
409 1863 567 1903 amicus
593 1865 747 1915 noster,
776 1877 871 1903 cum
896 1861 1112 1902 hominem
1140 1861 1420 1902 confidentem

84 1920 276 1973 pluribus
313 1921 451 1960 verbis
489 1934 575 1960 11011
613 1921 786 1974 dignum
826 1920 1101 1960 existimaret:
1146 1919 1321 1960 ‘Sinni’
1361 1920 1421 1960 in-

85 1979 178 2030 quit
207 1976 504 2031 ‘Capitonis,
537 1978 769 2019 doctissimi
800 1979 892 2030 viri,
923 1979 1174 2031 epistulae
1207 1981 1305 2018 sunt
1336 1992 1421 2018 uno

85 2037 130 2076 in
147 2036 256 2077 libro
277 2037 435 2077 multae
455 2037 630 2090 positae,
656 2037 818 2090 opinor,
838 2037 882 2076 in
900 2037 1060 2089 templo
1080 2035 1212 2077 Pacis.
1257 2035 1422 2076 Prima
1438 2047 1480 2077 10

180 2142 199 2172 2
221 2139 283 2172 Set
295 2142 324 2171 R
337 2139 348 2184 Η
363 2142 381 2172 7
404 2148 520 2182 eaque
539 2137 650 2182 uolgo
663 2142 693 2171 R
708 2139 712 2183 ἦ
729 2139 820 2173 trita
832 2139 879 2171 12¹
891 2138 904 2184 Η
918 2141 936 2171 9
959 2138 1077 2172 audie.
1094 2138 1145 2182 (in
1161 2142 1243 2182 post
1256 2139 1354 2181 add.)
1368 2140 1422 2182 ΒΗ

88 2189 129 2219 11
157 2195 379 2229 quemquam
398 2185 445 2217 12¹
471 2195 579 2228 quem
605 2185 663 2218 ad.
691 2195 846 2228 cumque
869 2185 930 2220 Gr.
952 2187 963 2229 u
984 2189 1026 2219 15
1051 2185 1196 2229 magnis
1216 2198 1243 2218 ω
1266 2196 1354 2220 corr.
1378 2187 1422 2228 ςιὶ

89 2234 129 2265 19
156 2231 179 2264 1.
200 2231 308 2265 lelius
328 2246 354 2265 ω
375 2234 386 2275 Η
407 2234 449 2265 20
469 2236 556 2268 mai?
577 2242 684 2265 uarro
706 2245 732 2264 ω
753 2233 764 2274 ΙΙ
784 2235 826 2264 21
848 2233 1034 2265 oratorum
1054 2235 1083 2264 R
1102 2234 1113 2275 Η
1134 2235 1175 2265 23
1196 2231 1335 2265 habeas
1355 2231 1421 2264 has

88 2278 203 2311 autor.
226 2288 269 2312 ex
288 2281 317 2310 R
336 2280 347 2322 ΙΙ
367 2282 411 2311 24
437 2277 595 2311 orationi
614 2281 644 2310 R
662 2279 673 2323 Η
694 2281 737 2312 28
762 2289 830 2312 nec
849 2281 910 2310 PR
929 2280 940 2322 ΙΙ
960 2281 1003 2311 30
1030 2277 1120 2312 Cum
1139 2281 1164 2310 P
