1617 2484
613 39 677 72 VII
704 39 779 83 (VI)
809 43 866 81 1(›;
896 43 934 72 11
1360 37 1446 78 295

110 149 372 202 pessendam,
410 151 499 188 tum
541 149 605 188 vel
644 148 824 187 maxime
863 148 941 188 ista
978 162 1020 187 re
1053 147 1249 187 iuvenum
1283 146 1445 186 animos

109 207 380 261 expergebat,
418 206 679 247 Euclidem
714 221 839 259 quam
873 206 1038 246 dicebat
1071 204 1329 245 Socraticum
1364 206 1446 244 fae

110 267 305 307 titavisse.
371 265 580 306 ‘Decreto’
621 266 757 317 inquit
795 265 886 305 ‘suo
924 264 1201 305 Athenienses
1240 267 1479 313 cave1·ant,2

109 329 167 378 ut,
198 326 268 378 qui
298 325 479 377 Megaris
513 325 614 364 civis
647 328 767 375 osset,
800 325 833 364 si
865 325 1057 364 intulisse
1084 323 1271 363 Athenas
1298 323 1444 376 pedem

74 399 283 437 5prensus
332 387 457 435 esset,
507 387 553 423 ut
597 399 644 423 ea
689 398 752 423 ros
797 384 833 423 ei
879 383 1039 423 homini
1085 382 1277 435 capitalis
1321 384 1446 434 essct3

109 446 225 483 tanto
256 442 548 483 Athenienses’
583 442 722 494 inquit
754 442 866 482 ‘odio
900 442 1136 494 flagrabant
1167 441 1480 481 finitimorum3

109 502 327 542 hominum
360 501 681 555 Megarensium.
738 500 845 541 Tum
874 500 1129 551 Euclides,
1162 501 1234 553 qui
1262 499 1443 539 indidem
1462 510 1481 538 4

108 560 288 616 Megaris
320 563 409 601 erat
441 561 596 613 quique
628 563 724 600 ante
757 560 796 600 id
829 559 1041 600 decretum
1076 562 1116 600 et
1148 574 1236 599 esse
1266 558 1446 600 Athenis

109 623 149 660 et
180 620 322 660 audire
351 618 563 659 Socratem
595 622 879 669 consueverat,
915 622 1137 671 postquam
1166 618 1206 658 id
1233 617 1445 658 decretum

56 696 89 721 ιο
109 682 352 727 sanxerunt,
397 678 473 719 sub
518 680 703 729 noctem,
748 692 841 718 cum
884 678 1262 730 advesperesceiet,
1306 677 1447 716 tunica

108 739 235 792 longa
278 737 472 777 muliebri
519 737 689 776 indutus
731 739 772 776 et
810 737 939 789 pallio
979 736 1230 776 versicolore
1269 736 1447 775 amictus

109 799 150 837 et
181 799 308 850 caput
338 797 424 837 rica
455 796 617 836 velatus
650 810 671 836 e
703 796 828 835 domo
863 810 937 835 sua
962 795 1144 847 Megaris
1177 793 1366 835 Athenas
1397 794 1447 834 ad

109 854 363 896 Socratem
403 854 684 906 commeabat,
722 857 769 894 ut
808 855 872 894 vel
911 855 1046 894 noctis
1082 854 1224 905 aliquo
1257 856 1447 906 tempore

109 915 379 955 consiliorum
413 927 738 966 sermonumque
771 913 858 953 eius
891 914 1009 953 fieret
1036 913 1256 966 particeps,
1287 926 1449 951 rursus-

57 990 88 1015 15
109 988 190 1027 que
227 973 304 1014 sub
342 974 479 1013 lucem
518 973 634 1012 milia
672 986 871 1025 passuum
911 972 1037 1025 paulo
1077 972 1258 1024 amplius
1296 971 1448 1025 viginti

109 1033 251 1073 eadem
278 1034 393 1072 veste
419 1031 490 1071 illa
516 1034 650 1072 tectus
677 1031 850 1071 redibat.
902 1029 959 1070 At
984 1031 1110 1070 nunc'
1135 1031 1272 1083 inquit
1293 1029 1483 1070 ‘videre5

108 1094 171 1132 est
214 1090 492 1144 philosophos
536 1091 648 1130 ultro
693 1104 875 1142 currere,
920 1092 966 1129 ut
1010 1089 1203 1141 doceant,
1247 1088 1299 1129 ad
1337 1088 1447 1128 fores

109 1151 306 1191 iuvenum
347 1150 523 1190 divitum
563 1163 718 1202 eosque
756 1149 814 1189 ibi
848 1148 989 1189 sedere
1021 1151 1147 1202 atque
1180 1148 1365 1201 opperiri
1397 1147 1449 1187 ad

109 1209 343 1261 meridiem,
396 1209 527 1248 donec
577 1207 773 1261 discipuli
824 1210 1075 1247 nocturnum
1129 1221 1252 1247 omne
1303 1207 1447 1246 vinum

56 1284 89 1309 20
109 1268 369 1308 edormiant.’

748 1382 808 1424 XI

109 1465 230 1499 Verba
257 1476 298 1499 ex
326 1465 492 1499 oratione
513 1464 551 1505 Q.
574 1464 715 1498 Metelli
741 1464 941 1507 Numidici,
968 1474 1062 1507 quae
1088 1463 1200 1497 libuit
1226 1454 1447 1504 meminisse,

156 1512 203 1547 ad
229 1512 392 1547 officium
418 1512 612 1556 gravitatis
640 1511 910 1556 dignitatisque
935 1511 1034 1545 vitae
1062 1510 1245 1545 ducentia.

199 1596 302 1637 Cum
342 1596 690 1650 inquinatissimis
728 1595 972 1636 hominibus
1010 1610 1096 1635 non
1133 1609 1223 1636 esse
1255 1595 1482 1635 conviciol

57 1673 89 1697 25
110 1656 406 1697 decertandum
439 1669 574 1708 neque
607 1655 650 1695 in
681 1655 914 1695 maledictis
947 1654 1167 1695 adversum
1198 1653 1448 1707 inpudentes

110 1717 151 1755 et
206 1714 408 1768 inprobos
463 1714 740 1766 velitandum,
797 1714 894 1766 quia
949 1713 1156 1766 tantisper
1208 1712 1357 1752 similis
1408 1715 1449 1752 et

111 1788 282 1827 compar
325 1787 470 1813 eorum
513 1772 607 1824 fias,
656 1773 755 1812 dum
799 1772 916 1825 paria
960 1774 1001 1812 et
1044 1771 1281 1812 consimilia
1324 1771 1450 1823 dicas,

111 1835 237 1885 atque
286 1831 422 1883 audis,
470 1845 557 1871 non
606 1832 744 1871 minus
793 1845 844 1871 ex
889 1830 1118 1870 oratione
1162 1829 1207 1878 Q.
1252 1828 1449 1870 Metelli

110 1890 387 1943 Numidici,
427 1890 629 1943 sapientis
673 1890 770 1942 viri,
814 1889 1012 1944 cognosci
1055 1891 1196 1942 potest
1234 1903 1359 1942 quam
1398 1903 1450 1929 ex

57 1966 92 1991 30
111 1950 230 1990 libris
269 1952 310 1990 et
348 1949 579 2002 disciplinis
617 1948 981 2002 philosophorum.
1044 1947 1185 1988 Verba
1216 1947 1320 1988 haec
1351 1950 1483 1988 sunt‘.)

112 2008 306 2049 Metelli
345 2008 582 2048 adversus
615 2006 658 2047 C.
691 2007 929 2048 Manlium
969 2006 1228 2047 tribunum
1266 2006 1450 2060 plebis,

207 2139 226 2169 5
260 2135 399 2179 capital
430 2135 556 2169 Carrio
582 2136 592 2178 ΙΙ
619 2137 636 2167 7
670 2134 765 2178 Meg.
797 2134 950 2179 ylossam
977 2137 1068 2177 puto
1092 2136 1103 2178 Η
1132 2137 1172 2167 10
1206 2145 1288 2167 cum
1322 2134 1450 2168 Carrio

113 2193 224 2225 quam
243 2186 271 2215 V
297 2182 513 2226 priusquam
533 2192 553 2215 6
575 2183 578 2225 Ι
603 2180 701 2227 adv]
729 2181 782 2215 vd.
804 2181 904 2222 Sittl,
932 2181 1074 2215 Archiv.
1095 2181 1122 2223 f.
1144 2182 1232 2215 Lem.
1254 2182 1278 2214 I
1291 2192 1327 2224 1).
1349 2183 1420 2215 494
1439 2182 1449 2225 1!

113 2233 156 2262 22
186 2229 441 2263 exhortatione
467 2229 601 2271 (-ei0ne
626 2231 668 2272 V)
695 2231 756 2261 PV
781 2230 791 2271 ΙΙ
817 2231 861 2261 24
886 2227 984 2261 Num
1009 2228 1056 2260 V¹
1081 2230 1092 2271 11
1119 2230 1161 2261 28
1189 2227 1295 2261 audis
1322 2228 1451 2271 scripsi

111 2276 177 2318 cfr.
206 2277 240 2309 V
255 2280 310 2317 11,
331 2280 349 2310 1
386 2277 442 2310 VI
457 2278 513 2317 15,
533 2278 556 2309 2
575 2280 634 2310 etc.
663 2275 792 2309 audias
813 2288 840 2309 ω
859 2276 870 2319 Η
891 2278 931 2308 31
961 2273 1022 2309 Cn.
1049 2274 1242 2309 manilium
1264 2286 1284 2312 ς
