<?xml version="1.0" encoding="UTF-8"?>
<!DOCTYPE html PUBLIC "-//W3C//DTD XHTML 1.0 Transitional//EN"
    "http://www.w3.org/TR/xhtml1/DTD/xhtml1-transitional.dtd">
<html xmlns="http://www.w3.org/1999/xhtml" xml:lang="en" lang="en">
 <head>
  <title>
</title>
<meta http-equiv="Content-Type" content="text/html;charset=utf-8" />
  <meta name='ocr-system' content='tesseract 3.04.00' />
  <meta name='ocr-capabilities' content='ocr_page ocr_carea ocr_par ocr_line ocrx_word'/>
</head>
<body>
  <div class='ocr_page' id='page_1' title='image "./agelliinoctiumat01gelluoft_0050.png"; bbox 0 0 1591 2474; ppageno 0'>
   <div class='ocr_carea' id='block_1_1' title="bbox 150 47 951 81">
    <p class='ocr_par' dir='ltr' id='par_1_1' title="bbox 150 47 951 81">
     <span class='ocr_line' id='line_1_1' title="bbox 150 47 951 81; baseline 0 -1"><span class='ocrx_word' id='word_1_1' title='bbox 150 47 261 80; x_wconf 78' lang='lat' dir='ltr'>XLVI</span> <span class='ocrx_word' id='word_1_2' title='bbox 683 47 951 81; x_wconf 74' lang='lat' dir='ltr'>PRAEFATIO</span> 
     </span>
    </p>
   </div>
   <div class='ocr_carea' id='block_1_2' title="bbox 147 158 1491 1948">
    <p class='ocr_par' dir='ltr' id='par_1_2' title="bbox 147 158 1491 1854">
     <span class='ocr_line' id='line_1_2' title="bbox 239 158 1486 207; baseline 0.001 -13"><span class='ocrx_word' id='word_1_3' title='bbox 239 158 333 195; x_wconf 83' lang='lat' dir='ltr'>XIII</span> <span class='ocrx_word' id='word_1_4' title='bbox 362 161 383 195; x_wconf 88' lang='lat'>2</span> <span class='ocrx_word' id='word_1_5' title='bbox 419 172 461 196; x_wconf 77' lang='lat' dir='ltr'>ex</span> <span class='ocrx_word' id='word_1_6' title='bbox 495 158 693 205; x_wconf 74' lang='lat' dir='ltr'>Suetonio,</span> <span class='ocrx_word' id='word_1_7' title='bbox 728 159 795 206; x_wconf 87' lang='lat' dir='ltr'>qui</span> <span class='ocrx_word' id='word_1_8' title='bbox 827 159 1042 195; x_wconf 83' lang='lat' dir='ltr'>Varronem</span> <span class='ocrx_word' id='word_1_9' title='bbox 1075 159 1120 195; x_wconf 86' lang='lat' dir='ltr'>de</span> <span class='ocrx_word' id='word_1_10' title='bbox 1152 160 1277 207; x_wconf 90' lang='lat' dir='ltr'>poetis</span> <span class='ocrx_word' id='word_1_11' title='bbox 1309 158 1325 194; x_wconf 87' lang='lat' dir='ltr'>I</span> <span class='ocrx_word' id='word_1_12' title='bbox 1358 158 1486 195; x_wconf 78' lang='lat' dir='ltr'><strong>reddit</strong></span> 
     </span>
     <span class='ocr_line' id='line_1_3' title="bbox 152 213 1486 268; baseline 0.001 -15"><span class='ocrx_word' id='word_1_13' title='bbox 152 218 241 260; x_wconf 72' lang='lat' dir='ltr'>(Ru.</span> <span class='ocrx_word' id='word_1_14' title='bbox 271 218 342 264; x_wconf 88' lang='grc'>26,</span> <span class='ocrx_word' id='word_1_15' title='bbox 370 213 486 268; x_wconf 57' lang='grc'>4411)</span> <span class='ocrx_word' id='word_1_16' title='bbox 516 239 562 241; x_wconf 85' lang='grc'>--</span> <span class='ocrx_word' id='word_1_17' title='bbox 593 219 615 254; x_wconf 79' lang='lat'><strong>3</strong></span> <span class='ocrx_word' id='word_1_18' title='bbox 643 216 772 254; x_wconf 87' lang='lat' dir='ltr'>Verba</span> <span class='ocrx_word' id='word_1_19' title='bbox 804 230 847 254; x_wconf 82' lang='lat' dir='ltr'>ex</span> <span class='ocrx_word' id='word_1_20' title='bbox 880 217 1122 255; x_wconf 83' lang='lat' dir='ltr'>orationibus</span> <span class='ocrx_word' id='word_1_21' title='bbox 1157 217 1330 254; x_wconf 78' lang='lat' dir='ltr'>Caesaris</span> <span class='ocrx_word' id='word_1_22' title='bbox 1363 218 1486 254; x_wconf 84' lang='lat' dir='ltr'>allata</span> 
     </span>
     <span class='ocr_line' id='line_1_4' title="bbox 151 275 1484 325; baseline 0.001 -13"><span class='ocrx_word' id='word_1_23' title='bbox 151 277 349 325; x_wconf 80' lang='lat' dir='ltr'>assignare</span> <span class='ocrx_word' id='word_1_24' title='bbox 376 278 573 324; x_wconf 86' lang='lat' dir='ltr'>potuimus</span> <span class='ocrx_word' id='word_1_25' title='bbox 593 275 648 311; x_wconf 86' lang='lat' dir='ltr'>IV</span> <span class='ocrx_word' id='word_1_26' title='bbox 673 276 736 323; x_wconf 88' lang='grc'>16,</span> <span class='ocrx_word' id='word_1_27' title='bbox 752 276 775 312; x_wconf 84' lang='grc'>8</span> <span class='ocrx_word' id='word_1_28' title='bbox 803 275 857 312; x_wconf 92' lang='lat' dir='ltr'>IX</span> <span class='ocrx_word' id='word_1_29' title='bbox 882 277 932 312; x_wconf 77' lang='lat'>14</span> <span class='ocrx_word' id='word_1_30' title='bbox 956 276 1156 323; x_wconf 69' lang='lat' dir='ltr'>Caesellio,</span> <span class='ocrx_word' id='word_1_31' title='bbox 1176 276 1211 311; x_wconf 78' lang='lat' dir='ltr'><strong>V</strong></span> <span class='ocrx_word' id='word_1_32' title='bbox 1229 278 1279 313; x_wconf 81' lang='lat'>13</span> <span class='ocrx_word' id='word_1_33' title='bbox 1300 276 1484 321; x_wconf 72' lang='lat' dir='ltr'>Masurio.</span> 
     </span>
     <span class='ocr_line' id='line_1_5' title="bbox 151 330 1484 385; baseline 0.002 -16"><span class='ocrx_word' id='word_1_34' title='bbox 151 334 202 370; x_wconf 79' lang='lat' dir='ltr'>Vl</span> <span class='ocrx_word' id='word_1_35' title='bbox 222 336 244 371; x_wconf 87' lang='lat'>9</span> <span class='ocrx_word' id='word_1_36' title='bbox 267 332 397 385; x_wconf 76' lang='lat' dir='ltr'>(XVII</span> <span class='ocrx_word' id='word_1_37' title='bbox 414 330 456 372; x_wconf 55' lang='lat'>91</span> <span class='ocrx_word' id='word_1_38' title='bbox 478 334 615 380; x_wconf 84' lang='lat' dir='ltr'>Probo,</span> <span class='ocrx_word' id='word_1_39' title='bbox 641 335 744 371; x_wconf 87' lang='lat' dir='ltr'>inter</span> <span class='ocrx_word' id='word_1_40' title='bbox 764 347 859 382; x_wconf 89' lang='lat' dir='ltr'>quos</span> <span class='ocrx_word' id='word_1_41' title='bbox 880 336 913 371; x_wconf 86' lang='lat' dir='ltr'>si</span> <span class='ocrx_word' id='word_1_42' title='bbox 932 335 993 372; x_wconf 79' lang='lat' dir='ltr'>hie</span> <span class='ocrx_word' id='word_1_43' title='bbox 1014 335 1155 384; x_wconf 76' lang='lat' dir='ltr'>eligere</span> <span class='ocrx_word' id='word_1_44' title='bbox 1174 336 1277 381; x_wconf 82' lang='lat' dir='ltr'>lieet,</span> <span class='ocrx_word' id='word_1_45' title='bbox 1303 335 1484 371; x_wconf 82' lang='lat' dir='ltr'>ultimum</span> 
     </span>
     <span class='ocr_line' id='line_1_6' title="bbox 151 393 1485 442; baseline 0.001 -13"><span class='ocrx_word' id='word_1_46' title='bbox 151 394 421 440; x_wconf 72' lang='lat' dir='ltr'>praetulerim:</span> <span class='ocrx_word' id='word_1_47' title='bbox 457 393 606 440; x_wconf 78' lang='lat' dir='ltr'>Verrio,</span> <span class='ocrx_word' id='word_1_48' title='bbox 633 406 747 440; x_wconf 88' lang='lat' dir='ltr'>quem</span> <span class='ocrx_word' id='word_1_49' title='bbox 773 394 814 430; x_wconf 89' lang='lat' dir='ltr'>in</span> <span class='ocrx_word' id='word_1_50' title='bbox 840 395 967 442; x_wconf 75' lang='lat' dir='ltr'>capite</span> <span class='ocrx_word' id='word_1_51' title='bbox 995 394 1089 431; x_wconf 84' lang='lat' dir='ltr'>artis</span> <span class='ocrx_word' id='word_1_52' title='bbox 1109 393 1127 429; x_wconf 90' lang='lat' dir='ltr'>I</span> <span class='ocrx_word' id='word_1_53' title='bbox 1152 395 1201 430; x_wconf 81' lang='lat'>15</span> <span class='ocrx_word' id='word_1_54' title='bbox 1227 394 1312 441; x_wconf 89' lang='lat' dir='ltr'>plus</span> <span class='ocrx_word' id='word_1_55' title='bbox 1333 394 1485 430; x_wconf 72' lang='lat' dir='ltr'>deciens</span> 
     </span>
     <span class='ocr_line' id='line_1_7' title="bbox 151 451 1483 501; baseline 0 -13"><span class='ocrx_word' id='word_1_56' title='bbox 151 453 344 499; x_wconf 86' lang='lat' dir='ltr'>nominat,</span> <span class='ocrx_word' id='word_1_57' title='bbox 389 451 585 489; x_wconf 73' lang='lat' dir='ltr'>Charisius</span> <span class='ocrx_word' id='word_1_58' title='bbox 630 463 669 489; x_wconf 85' lang='lat' dir='ltr'>se</span> <span class='ocrx_word' id='word_1_59' title='bbox 707 453 923 501; x_wconf 84' lang='lat' dir='ltr'>applieasse</span> <span class='ocrx_word' id='word_1_60' title='bbox 962 452 1116 489; x_wconf 85' lang='lat' dir='ltr'>videtur</span> <span class='ocrx_word' id='word_1_61' title='bbox 1153 453 1254 500; x_wconf 89' lang='lat' dir='ltr'>apud</span> <span class='ocrx_word' id='word_1_62' title='bbox 1292 453 1483 488; x_wconf 87' lang='lat' dir='ltr'>neminem</span> 
     </span>
     <span class='ocr_line' id='line_1_8' title="bbox 149 511 1484 559; baseline 0 -13"><span class='ocrx_word' id='word_1_63' title='bbox 149 511 316 547; x_wconf 86' lang='lat' dir='ltr'>inveniri</span> <span class='ocrx_word' id='word_1_64' title='bbox 363 512 615 548; x_wconf 58' lang='lat' dir='ltr'>necessitatem</span> <span class='ocrx_word' id='word_1_65' title='bbox 657 523 727 559; x_wconf 90' lang='lat' dir='ltr'>pro</span> <span class='ocrx_word' id='word_1_66' title='bbox 772 511 1042 548; x_wconf 47' lang='lat' dir='ltr'>necessitudine</span> <span class='ocrx_word' id='word_1_67' title='bbox 1084 513 1310 559; x_wconf 71' lang='lat' dir='ltr'>usurpatam</span> <span class='ocrx_word' id='word_1_68' title='bbox 1354 511 1484 548; x_wconf 69' lang='lat' dir='ltr'>dicens</span> 
     </span>
     <span class='ocr_line' id='line_1_9' title="bbox 149 569 1484 619; baseline 0.001 -14"><span class='ocrx_word' id='word_1_69' title='bbox 149 583 183 617; x_wconf 85' lang='lat' dir='ltr'>p.</span> <span class='ocrx_word' id='word_1_70' title='bbox 208 571 273 614; x_wconf 84' lang='grc'>99,</span> <span class='ocrx_word' id='word_1_71' title='bbox 297 571 367 616; x_wconf 89' lang='grc'>22,</span> <span class='ocrx_word' id='word_1_72' title='bbox 393 569 440 606; x_wconf 82' lang='lat' dir='ltr'>de</span> <span class='ocrx_word' id='word_1_73' title='bbox 467 570 689 606; x_wconf 68' lang='lat' dir='ltr'>necessariis</span> <span class='ocrx_word' id='word_1_74' title='bbox 707 569 768 606; x_wconf 87' lang='lat' dir='ltr'>vd.</span> <span class='ocrx_word' id='word_1_75' title='bbox 790 570 891 607; x_wconf 83' lang='lat' dir='ltr'>Fest.</span> <span class='ocrx_word' id='word_1_76' title='bbox 913 584 947 618; x_wconf 89' lang='lat' dir='ltr'>p.</span> <span class='ocrx_word' id='word_1_77' title='bbox 974 571 1066 618; x_wconf 87' lang='lat'>162,</span> <span class='ocrx_word' id='word_1_78' title='bbox 1089 571 1124 606; x_wconf 92' lang='lat'>9.</span> <span class='ocrx_word' id='word_1_79' title='bbox 1173 569 1291 606; x_wconf 83' lang='lat' dir='ltr'>Probi</span> <span class='ocrx_word' id='word_1_80' title='bbox 1317 571 1484 619; x_wconf 80' lang='lat' dir='ltr'>vestigia</span> 
     </span>
     <span class='ocr_line' id='line_1_10' title="bbox 150 625 1484 681; baseline 0 -17"><span class='ocrx_word' id='word_1_81' title='bbox 150 640 337 676; x_wconf 83' lang='lat' dir='ltr'>apparere</span> <span class='ocrx_word' id='word_1_82' title='bbox 364 628 545 665; x_wconf 85' lang='lat' dir='ltr'>videntur</span> <span class='ocrx_word' id='word_1_83' title='bbox 570 629 689 665; x_wconf 87' lang='lat' dir='ltr'>etiam</span> <span class='ocrx_word' id='word_1_84' title='bbox 710 629 813 677; x_wconf 87' lang='lat' dir='ltr'>apud</span> <span class='ocrx_word' id='word_1_85' title='bbox 833 629 932 665; x_wconf 88' lang='lat' dir='ltr'>Non.</span> <span class='ocrx_word' id='word_1_86' title='bbox 954 628 987 664; x_wconf 91' lang='lat' dir='ltr'>ll</span> <span class='ocrx_word' id='word_1_87' title='bbox 1012 642 1046 677; x_wconf 92' lang='lat' dir='ltr'>p.</span> <span class='ocrx_word' id='word_1_88' title='bbox 1073 630 1165 676; x_wconf 79' lang='lat'>173,</span> <span class='ocrx_word' id='word_1_89' title='bbox 1189 631 1207 665; x_wconf 89' lang='lat'>1</span> <span class='ocrx_word' id='word_1_90' title='bbox 1233 625 1484 681; x_wconf 50' lang='lat' dir='ltr'>(suavitudo),</span> 
     </span>
     <span class='ocr_line' id='line_1_11' title="bbox 154 681 1484 739; baseline 0.002 -17"><span class='ocrx_word' id='word_1_91' title='bbox 154 688 245 731; x_wconf 76' lang='grc'>173,</span> <span class='ocrx_word' id='word_1_92' title='bbox 274 688 325 723; x_wconf 85' lang='grc'>26</span> <span class='ocrx_word' id='word_1_93' title='bbox 355 681 615 738; x_wconf 41' lang='lat' dir='ltr'>(scmetitudof),</span> <span class='ocrx_word' id='word_1_94' title='bbox 641 687 737 723; x_wconf 83' lang='lat' dir='ltr'>VIII</span> <span class='ocrx_word' id='word_1_95' title='bbox 764 700 798 735; x_wconf 88' lang='lat' dir='ltr'>p.</span> <span class='ocrx_word' id='word_1_96' title='bbox 827 688 922 733; x_wconf 77' lang='lat'>493,</span> <span class='ocrx_word' id='word_1_97' title='bbox 948 690 997 724; x_wconf 91' lang='lat'>12</span> <span class='ocrx_word' id='word_1_98' title='bbox 1027 683 1253 739; x_wconf 48' lang='lat' dir='ltr'>(am-itasffl)</span> <span class='ocrx_word' id='word_1_99' title='bbox 1305 687 1484 735; x_wconf 74' lang='lat' dir='ltr'>Sempro-</span> 
     </span>
     <span class='ocr_line' id='line_1_12' title="bbox 149 744 1482 794; baseline 0.002 -13"><span class='ocrx_word' id='word_1_100' title='bbox 149 746 208 782; x_wconf 87' lang='lat' dir='ltr'>nii</span> <span class='ocrx_word' id='word_1_101' title='bbox 247 746 287 781; x_wconf 87' lang='lat' dir='ltr'>in</span> <span class='ocrx_word' id='word_1_102' title='bbox 332 745 506 794; x_wconf 82' lang='lat' dir='ltr'>exemplo</span> <span class='ocrx_word' id='word_1_103' title='bbox 545 744 693 783; x_wconf 80' lang='lat' dir='ltr'>Gellius</span> <span class='ocrx_word' id='word_1_104' title='bbox 731 758 817 783; x_wconf 84' lang='lat' dir='ltr'>eum</span> <span class='ocrx_word' id='word_1_105' title='bbox 855 747 937 794; x_wconf 89' lang='lat' dir='ltr'>ipse</span> <span class='ocrx_word' id='word_1_106' title='bbox 976 747 1207 784; x_wconf 70' lang='lat' dir='ltr'>necessitudo</span> <span class='ocrx_word' id='word_1_107' title='bbox 1243 759 1331 783; x_wconf 86' lang='lat' dir='ltr'>raro</span> <span class='ocrx_word' id='word_1_108' title='bbox 1370 758 1482 783; x_wconf 87' lang='lat' dir='ltr'>sensu</span> 
     </span>
     <span class='ocr_line' id='line_1_13' title="bbox 150 803 1483 852; baseline 0.002 -13"><span class='ocrx_word' id='word_1_109' title='bbox 150 803 369 841; x_wconf 79' lang='lat' dir='ltr'>adhibitum</span> <span class='ocrx_word' id='word_1_110' title='bbox 400 805 624 852; x_wconf 88' lang='lat' dir='ltr'>invenisset,</span> <span class='ocrx_word' id='word_1_111' title='bbox 655 804 744 842; x_wconf 89' lang='lat' dir='ltr'>inde</span> <span class='ocrx_word' id='word_1_112' title='bbox 777 807 991 842; x_wconf 71' lang='lat' dir='ltr'>commotus</span> <span class='ocrx_word' id='word_1_113' title='bbox 1018 805 1182 851; x_wconf 87' lang='lat' dir='ltr'>videtur,</span> <span class='ocrx_word' id='word_1_114' title='bbox 1214 807 1258 842; x_wconf 89' lang='lat' dir='ltr'>ut</span> <span class='ocrx_word' id='word_1_115' title='bbox 1282 804 1483 842; x_wconf 72' lang='lat' dir='ltr'>thesauros</span> 
     </span>
     <span class='ocr_line' id='line_1_14' title="bbox 151 860 1477 915; baseline 0.001 -16"><span class='ocrx_word' id='word_1_116' title='bbox 151 863 300 910; x_wconf 85' lang='lat' dir='ltr'>Berytii</span> <span class='ocrx_word' id='word_1_117' title='bbox 320 865 629 911; x_wconf 82' lang='lat' dir='ltr'>perserutaretur</span> <span class='ocrx_word' id='word_1_118' title='bbox 653 885 699 888; x_wconf 85' lang='lat'>—</span> <span class='ocrx_word' id='word_1_119' title='bbox 727 864 749 900; x_wconf 84' lang='lat'>5</span> <span class='ocrx_word' id='word_1_120' title='bbox 771 865 935 901; x_wconf 88' lang='lat' dir='ltr'>fortasse</span> <span class='ocrx_word' id='word_1_121' title='bbox 956 877 998 900; x_wconf 87' lang='lat' dir='ltr'>ex</span> <span class='ocrx_word' id='word_1_122' title='bbox 1020 864 1213 901; x_wconf 81' lang='lat' dir='ltr'>Favorino</span> <span class='ocrx_word' id='word_1_123' title='bbox 1229 860 1318 915; x_wconf 72' lang='lat' dir='ltr'>(Ru.</span> <span class='ocrx_word' id='word_1_124' title='bbox 1336 864 1408 915; x_wconf 82' lang='lat'>61)</span> <span class='ocrx_word' id='word_1_125' title='bbox 1432 885 1477 888; x_wconf 78' lang='lat'>-</span> 
     </span>
     <span class='ocr_line' id='line_1_15' title="bbox 150 918 1481 975; baseline 0.005 -19"><span class='ocrx_word' id='word_1_126' title='bbox 150 924 171 956; x_wconf 81' lang='lat'>6</span> <span class='ocrx_word' id='word_1_127' title='bbox 201 934 244 957; x_wconf 80' lang='lat' dir='ltr'>ex</span> <span class='ocrx_word' id='word_1_128' title='bbox 271 922 423 971; x_wconf 83' lang='lat' dir='ltr'>Nigidii</span> <span class='ocrx_word' id='word_1_129' title='bbox 449 935 584 959; x_wconf 78' lang='grc'>00111111.</span> <span class='ocrx_word' id='word_1_130' title='bbox 609 935 769 972; x_wconf 79' lang='lat' dir='ltr'>gramm.</span> <span class='ocrx_word' id='word_1_131' title='bbox 791 922 918 958; x_wconf 74' lang='lat' dir='ltr'>XXIV</span> <span class='ocrx_word' id='word_1_132' title='bbox 946 920 1030 973; x_wconf 71' lang='grc' dir='ltr'>(ΚΓ.</span> <span class='ocrx_word' id='word_1_133' title='bbox 1053 924 1105 959; x_wconf 79' lang='grc'>55</span> <span class='ocrx_word' id='word_1_134' title='bbox 1133 922 1205 960; x_wconf 79' lang='lat' dir='ltr'>Me.</span> <span class='ocrx_word' id='word_1_135' title='bbox 1226 935 1313 960; x_wconf 84' lang='lat' dir='ltr'>ann.</span> <span class='ocrx_word' id='word_1_136' title='bbox 1338 918 1481 975; x_wconf 19' lang='lat' dir='ltr'>718³)3A&gt;</span> 
     </span>
     <span class='ocr_line' id='line_1_16' title="bbox 153 980 1491 1030; baseline 0.001 -14"><span class='ocrx_word' id='word_1_137' title='bbox 153 1002 196 1004; x_wconf 87' lang='lat'>—-—</span> <span class='ocrx_word' id='word_1_138' title='bbox 234 982 254 1016; x_wconf 83' lang='lat'>7</span> <span class='ocrx_word' id='word_1_139' title='bbox 290 993 332 1017; x_wconf 82' lang='lat' dir='ltr'>ex</span> <span class='ocrx_word' id='word_1_140' title='bbox 365 980 510 1027; x_wconf 79' lang='lat' dir='ltr'>eodem,</span> <span class='ocrx_word' id='word_1_141' title='bbox 542 984 649 1029; x_wconf 86' lang='lat' dir='ltr'>puto,</span> <span class='ocrx_word' id='word_1_142' title='bbox 682 982 748 1029; x_wconf 89' lang='lat' dir='ltr'>qui</span> <span class='ocrx_word' id='word_1_143' title='bbox 780 981 871 1019; x_wconf 85' lang='lat' dir='ltr'>XVI</span> <span class='ocrx_word' id='word_1_144' title='bbox 902 983 952 1018; x_wconf 85' lang='grc'>15</span> <span class='ocrx_word' id='word_1_145' title='bbox 986 981 1031 1018; x_wconf 89' lang='lat' dir='ltr'>de</span> <span class='ocrx_word' id='word_1_146' title='bbox 1063 981 1282 1030; x_wconf 77' lang='lat' dir='ltr'>perdicibus</span> <span class='ocrx_word' id='word_1_147' title='bbox 1315 983 1354 1018; x_wconf 90' lang='lat' dir='ltr'>et</span> <span class='ocrx_word' id='word_1_148' title='bbox 1377 982 1491 1030; x_wconf 62' lang='lat' dir='ltr'>lepo·‘</span> 
     </span>
     <span class='ocr_line' id='line_1_17' title="bbox 148 1038 1482 1090; baseline 0.001 -15"><span class='ocrx_word' id='word_1_149' title='bbox 148 1039 253 1076; x_wconf 79' lang='lat' dir='ltr'>ribus</span> <span class='ocrx_word' id='word_1_150' title='bbox 286 1040 386 1076; x_wconf 88' lang='lat' dir='ltr'>mira</span> <span class='ocrx_word' id='word_1_151' title='bbox 418 1041 618 1088; x_wconf 78' lang='lat' dir='ltr'>comperit,</span> <span class='ocrx_word' id='word_1_152' title='bbox 652 1040 708 1076; x_wconf 87' lang='lat' dir='ltr'>ibi</span> <span class='ocrx_word' id='word_1_153' title='bbox 738 1039 841 1076; x_wconf 80' lang='lat' dir='ltr'>haud</span> <span class='ocrx_word' id='word_1_154' title='bbox 873 1041 1019 1090; x_wconf 84' lang='lat' dir='ltr'>ignoto.</span> <span class='ocrx_word' id='word_1_155' title='bbox 1084 1040 1194 1077; x_wconf 79' lang='lat' dir='ltr'>Certe</span> <span class='ocrx_word' id='word_1_156' title='bbox 1226 1053 1303 1077; x_wconf 92' lang='lat' dir='ltr'>non</span> <span class='ocrx_word' id='word_1_157' title='bbox 1335 1038 1482 1077; x_wconf 85' lang='lat' dir='ltr'>Gellius</span> 
     </span>
     <span class='ocr_line' id='line_1_18' title="bbox 148 1098 1480 1146; baseline 0.001 -12"><span class='ocrx_word' id='word_1_158' title='bbox 148 1099 295 1146; x_wconf 87' lang='lat' dir='ltr'>primus</span> <span class='ocrx_word' id='word_1_159' title='bbox 334 1098 601 1135; x_wconf 67' lang='lat' dir='ltr'>diversitatem</span> <span class='ocrx_word' id='word_1_160' title='bbox 639 1100 741 1135; x_wconf 84' lang='lat' dir='ltr'>inter</span> <span class='ocrx_word' id='word_1_161' title='bbox 772 1098 1013 1136; x_wconf 86' lang='lat' dir='ltr'>Herodotum</span> <span class='ocrx_word' id='word_1_162' title='bbox 1053 1100 1091 1137; x_wconf 79' lang='lat' dir='ltr'>et</span> <span class='ocrx_word' id='word_1_163' title='bbox 1121 1098 1334 1136; x_wconf 87' lang='lat' dir='ltr'>Homerum</span> <span class='ocrx_word' id='word_1_164' title='bbox 1364 1100 1480 1136; x_wconf 85' lang='lat' dir='ltr'>inter-</span> 
     </span>
     <span class='ocr_line' id='line_1_19' title="bbox 148 1156 1481 1206; baseline 0.001 -13"><span class='ocrx_word' id='word_1_165' title='bbox 148 1156 346 1193; x_wconf 72' lang='lat' dir='ltr'>cedentem</span> <span class='ocrx_word' id='word_1_166' title='bbox 378 1157 535 1194; x_wconf 80' lang='lat' dir='ltr'>detexit.</span> <span class='ocrx_word' id='word_1_167' title='bbox 593 1157 670 1194; x_wconf 82' lang='lat' dir='ltr'>Cur</span> <span class='ocrx_word' id='word_1_168' title='bbox 701 1170 796 1205; x_wconf 87' lang='lat' dir='ltr'>quos</span> <span class='ocrx_word' id='word_1_169' title='bbox 829 1158 977 1206; x_wconf 75' lang='lat' dir='ltr'>placuit</span> <span class='ocrx_word' id='word_1_170' title='bbox 1008 1158 1128 1195; x_wconf 89' lang='lat' dir='ltr'>libros</span> <span class='ocrx_word' id='word_1_171' title='bbox 1153 1158 1377 1196; x_wconf 87' lang='lat' dir='ltr'>Aristotelis</span> <span class='ocrx_word' id='word_1_172' title='bbox 1406 1170 1481 1194; x_wconf 89' lang='lat' dir='ltr'>non</span> 
     </span>
     <span class='ocr_line' id='line_1_20' title="bbox 147 1215 1482 1264; baseline 0.001 -12"><span class='ocrx_word' id='word_1_173' title='bbox 147 1217 318 1264; x_wconf 80' lang='lat' dir='ltr'>inspexit</span> <span class='ocrx_word' id='word_1_174' title='bbox 353 1217 591 1264; x_wconf 84' lang='lat' dir='ltr'>inventaque</span> <span class='ocrx_word' id='word_1_175' title='bbox 629 1217 918 1254; x_wconf 71' lang='lat' dir='ltr'>comment-ariis</span> <span class='ocrx_word' id='word_1_176' title='bbox 956 1218 1035 1254; x_wconf 88' lang='lat' dir='ltr'>suis</span> <span class='ocrx_word' id='word_1_177' title='bbox 1066 1215 1256 1254; x_wconf 75' lang='lat' dir='ltr'>inseruit?</span> <span class='ocrx_word' id='word_1_178' title='bbox 1316 1216 1482 1263; x_wconf 80' lang='lat' dir='ltr'>Invenit,</span> 
     </span>
     <span class='ocr_line' id='line_1_21' title="bbox 148 1274 1481 1325; baseline 0.001 -14"><span class='ocrx_word' id='word_1_179' title='bbox 148 1275 303 1322; x_wconf 86' lang='lat' dir='ltr'>opinor,</span> <span class='ocrx_word' id='word_1_180' title='bbox 341 1276 403 1312; x_wconf 83' lang='lat' dir='ltr'>eui</span> <span class='ocrx_word' id='word_1_181' title='bbox 436 1275 628 1321; x_wconf 85' lang='lat' dir='ltr'>adhaesit,</span> <span class='ocrx_word' id='word_1_182' title='bbox 662 1277 859 1312; x_wconf 70' lang='lat' dir='ltr'>auctorem</span> <span class='ocrx_word' id='word_1_183' title='bbox 889 1276 1127 1325; x_wconf 83' lang='lat' dir='ltr'>relegantem</span> <span class='ocrx_word' id='word_1_184' title='bbox 1160 1275 1208 1312; x_wconf 84' lang='lat' dir='ltr'>ad</span> <span class='ocrx_word' id='word_1_185' title='bbox 1241 1274 1481 1325; x_wconf 81' lang='lat' dir='ltr'>Stagiritam.</span> 
     </span>
     <span class='ocr_line' id='line_1_22' title="bbox 148 1333 1483 1382; baseline 0.001 -13"><span class='ocrx_word' id='word_1_186' title='bbox 148 1345 260 1380; x_wconf 76' lang='lat' dir='ltr'>quem</span> <span class='ocrx_word' id='word_1_187' title='bbox 313 1346 399 1370; x_wconf 80' lang='grc'>011111</span> <span class='ocrx_word' id='word_1_188' title='bbox 450 1334 648 1371; x_wconf 78' lang='lat' dir='ltr'>consulere</span> <span class='ocrx_word' id='word_1_189' title='bbox 697 1335 737 1370; x_wconf 91' lang='lat' dir='ltr'>in</span> <span class='ocrx_word' id='word_1_190' title='bbox 782 1335 911 1371; x_wconf 87' lang='lat' dir='ltr'>animo</span> <span class='ocrx_word' id='word_1_191' title='bbox 956 1333 1117 1372; x_wconf 85' lang='lat' dir='ltr'>haberet</span> <span class='ocrx_word' id='word_1_192' title='bbox 1159 1333 1354 1382; x_wconf 86' lang='lat' dir='ltr'>verbaque</span> <span class='ocrx_word' id='word_1_193' title='bbox 1396 1335 1483 1382; x_wconf 83' lang='lat' dir='ltr'>ipsa</span> 
     </span>
     <span class='ocr_line' id='line_1_23' title="bbox 148 1388 1478 1444; baseline 0.001 -17"><span class='ocrx_word' id='word_1_194' title='bbox 148 1392 344 1440; x_wconf 77' lang='lat' dir='ltr'>supplere,</span> <span class='ocrx_word' id='word_1_195' title='bbox 383 1393 515 1429; x_wconf 85' lang='lat' dir='ltr'>omisit</span> <span class='ocrx_word' id='word_1_196' title='bbox 553 1393 687 1440; x_wconf 88' lang='lat' dir='ltr'>aliqua</span> <span class='ocrx_word' id='word_1_197' title='bbox 725 1405 841 1430; x_wconf 84' lang='lat' dir='ltr'>eausa</span> <span class='ocrx_word' id='word_1_198' title='bbox 878 1388 1100 1444; x_wconf 79' lang='lat' dir='ltr'>seductus4)</span> <span class='ocrx_word' id='word_1_199' title='bbox 1138 1413 1184 1417; x_wconf 75' lang='lat'>-</span> <span class='ocrx_word' id='word_1_200' title='bbox 1223 1394 1258 1439; x_wconf 89' lang='lat'>9,</span> <span class='ocrx_word' id='word_1_201' title='bbox 1294 1394 1422 1439; x_wconf 73' lang='lat'>1-—43</span> <span class='ocrx_word' id='word_1_202' title='bbox 1457 1394 1478 1428; x_wconf 84' lang='lat'>6</span> 
     </span>
     <span class='ocr_line' id='line_1_24' title="bbox 148 1446 1480 1502; baseline 0.002 -16"><span class='ocrx_word' id='word_1_203' title='bbox 148 1463 189 1487; x_wconf 80' lang='lat' dir='ltr'>ex</span> <span class='ocrx_word' id='word_1_204' title='bbox 218 1450 360 1487; x_wconf 86' lang='lat' dir='ltr'>Tirone</span> <span class='ocrx_word' id='word_1_205' title='bbox 386 1451 409 1487; x_wconf 95' lang='grc'>1.</span> <span class='ocrx_word' id='word_1_206' title='bbox 436 1451 460 1487; x_wconf 93' lang='lat' dir='ltr'>l.</span> <span class='ocrx_word' id='word_1_207' title='bbox 495 1446 580 1501; x_wconf 80' lang='lat' dir='ltr'>(efr.</span> <span class='ocrx_word' id='word_1_208' title='bbox 608 1451 673 1487; x_wconf 83' lang='lat' dir='ltr'>Kr.</span> <span class='ocrx_word' id='word_1_209' title='bbox 703 1446 787 1502; x_wconf 72' lang='lat'>63),</span> <span class='ocrx_word' id='word_1_210' title='bbox 819 1451 967 1497; x_wconf 86' lang='lat' dir='ltr'>dubito,</span> <span class='ocrx_word' id='word_1_211' title='bbox 1000 1464 1049 1488; x_wconf 89' lang='lat' dir='ltr'>an</span> <span class='ocrx_word' id='word_1_212' title='bbox 1081 1464 1150 1500; x_wconf 87' lang='lat' dir='ltr'>per</span> <span class='ocrx_word' id='word_1_213' title='bbox 1179 1451 1361 1488; x_wconf 75' lang='lat' dir='ltr'>Verriuin</span> <span class='ocrx_word' id='word_1_214' title='bbox 1393 1448 1480 1502; x_wconf 79' lang='lat' dir='ltr'>(Ne.</span> 
     </span>
     <span class='ocr_line' id='line_1_25' title="bbox 150 1505 1480 1561; baseline 0.001 -16"><span class='ocrx_word' id='word_1_215' title='bbox 150 1511 249 1556; x_wconf 83' lang='grc'>227,</span> <span class='ocrx_word' id='word_1_216' title='bbox 289 1505 408 1561; x_wconf 80' lang='grc'>272),</span> <span class='ocrx_word' id='word_1_217' title='bbox 450 1510 517 1558; x_wconf 88' lang='lat' dir='ltr'>qui</span> <span class='ocrx_word' id='word_1_218' title='bbox 555 1514 594 1547; x_wconf 89' lang='lat' dir='ltr'>et</span> <span class='ocrx_word' id='word_1_219' title='bbox 631 1509 928 1558; x_wconf 76' lang='lat' dir='ltr'>explicationem</span> <span class='ocrx_word' id='word_1_220' title='bbox 966 1510 1119 1548; x_wconf 81' lang='lat' dir='ltr'>Tironis</span> <span class='ocrx_word' id='word_1_221' title='bbox 1157 1510 1269 1547; x_wconf 86' lang='lat' dir='ltr'>affert</span> <span class='ocrx_word' id='word_1_222' title='bbox 1305 1510 1480 1547; x_wconf 85' lang='lat' dir='ltr'>damnat-</span> 
     </span>
     <span class='ocr_line' id='line_1_26' title="bbox 147 1568 1481 1617; baseline 0.001 -14"><span class='ocrx_word' id='word_1_223' title='bbox 147 1581 232 1615; x_wconf 82' lang='lat' dir='ltr'>que,</span> <span class='ocrx_word' id='word_1_224' title='bbox 264 1568 296 1604; x_wconf 89' lang='lat' dir='ltr'>si</span> <span class='ocrx_word' id='word_1_225' title='bbox 328 1568 442 1605; x_wconf 85' lang='lat' dir='ltr'>modo</span> <span class='ocrx_word' id='word_1_226' title='bbox 474 1569 754 1617; x_wconf 87' lang='lat' dir='ltr'>supplementis</span> <span class='ocrx_word' id='word_1_227' title='bbox 780 1569 958 1606; x_wconf 87' lang='lat' dir='ltr'>Muelleri</span> <span class='ocrx_word' id='word_1_228' title='bbox 988 1583 1023 1617; x_wconf 91' lang='lat' dir='ltr'>p.</span> <span class='ocrx_word' id='word_1_229' title='bbox 1052 1571 1146 1616; x_wconf 74' lang='lat'>301,</span> <span class='ocrx_word' id='word_1_230' title='bbox 1175 1570 1227 1605; x_wconf 82' lang='lat'>33</span> <span class='ocrx_word' id='word_1_231' title='bbox 1261 1581 1392 1606; x_wconf 87' lang='lat' dir='ltr'>sensus</span> <span class='ocrx_word' id='word_1_232' title='bbox 1424 1581 1481 1605; x_wconf 83' lang='lat' dir='ltr'>re-</span> 
     </span>
     <span class='ocr_line' id='line_1_27' title="bbox 147 1627 1480 1676; baseline 0.001 -14"><span class='ocrx_word' id='word_1_233' title='bbox 147 1627 307 1663; x_wconf 66' lang='lat' dir='ltr'>stitutus</span> <span class='ocrx_word' id='word_1_234' title='bbox 334 1629 402 1673; x_wconf 89' lang='lat' dir='ltr'>est,</span> <span class='ocrx_word' id='word_1_235' title='bbox 429 1629 468 1664; x_wconf 91' lang='lat' dir='ltr'>et</span> <span class='ocrx_word' id='word_1_236' title='bbox 493 1641 528 1676; x_wconf 88' lang='lat' dir='ltr'>p.</span> <span class='ocrx_word' id='word_1_237' title='bbox 552 1629 646 1674; x_wconf 83' lang='lat'>290,</span> <span class='ocrx_word' id='word_1_238' title='bbox 668 1629 691 1664; x_wconf 80' lang='lat'>5</span> <span class='ocrx_word' id='word_1_239' title='bbox 719 1640 852 1665; x_wconf 78' lang='lat' dir='ltr'>vocem</span> <span class='ocrx_word' id='word_1_240' title='bbox 877 1640 1023 1674; x_wconf 70' lang='lat' dir='ltr'>suppus</span> <span class='ocrx_word' id='word_1_241' title='bbox 1044 1649 1096 1653; x_wconf 74' lang='lat'>—</span> <span class='ocrx_word' id='word_1_242' title='bbox 1117 1629 1279 1674; x_wconf 65' lang='lat' dir='ltr'>supinus</span> <span class='ocrx_word' id='word_1_243' title='bbox 1299 1640 1343 1664; x_wconf 83' lang='lat' dir='ltr'>ex</span> <span class='ocrx_word' id='word_1_244' title='bbox 1364 1627 1480 1664; x_wconf 81' lang='lat' dir='ltr'>verbo</span> 
     </span>
     <span class='ocr_line' id='line_1_28' title="bbox 147 1684 1480 1735; baseline 0.002 -15"><span class='ocrx_word' id='word_1_245' title='bbox 147 1684 292 1723; x_wconf 74' lang='lat' dir='ltr'>Graeco</span> <span class='ocrx_word' id='word_1_246' title='bbox 320 1685 474 1723; x_wconf 78' lang='lat' dir='ltr'>deducit</span> <span class='ocrx_word' id='word_1_247' title='bbox 499 1688 543 1723; x_wconf 91' lang='lat' dir='ltr'>ut</span> <span class='ocrx_word' id='word_1_248' title='bbox 569 1685 716 1723; x_wconf 86' lang='lat' dir='ltr'>Gellius</span> <span class='ocrx_word' id='word_1_249' title='bbox 741 1707 787 1711; x_wconf 85' lang='lat'>—</span> <span class='ocrx_word' id='word_1_250' title='bbox 816 1690 868 1723; x_wconf 66' lang='lat'>1«)</span> <span class='ocrx_word' id='word_1_251' title='bbox 895 1700 938 1723; x_wconf 85' lang='lat' dir='ltr'>ex</span> <span class='ocrx_word' id='word_1_252' title='bbox 966 1687 1143 1724; x_wconf 82' lang='lat' dir='ltr'>Labeone</span> <span class='ocrx_word' id='word_1_253' title='bbox 1164 1686 1231 1722; x_wconf 92' lang='grc'>1.1.</span> <span class='ocrx_word' id='word_1_254' title='bbox 1259 1688 1297 1723; x_wconf 88' lang='lat' dir='ltr'>et</span> <span class='ocrx_word' id='word_1_255' title='bbox 1321 1686 1480 1735; x_wconf 83' lang='lat' dir='ltr'>Nigidio</span> 
     </span>
     <span class='ocr_line' id='line_1_29' title="bbox 148 1740 1481 1796; baseline 0 -16"><span class='ocrx_word' id='word_1_256' title='bbox 148 1745 238 1786; x_wconf 83' lang='lat' dir='ltr'>(Me.</span> <span class='ocrx_word' id='word_1_257' title='bbox 274 1744 355 1781; x_wconf 83' lang='lat'>653</span> <span class='ocrx_word' id='word_1_258' title='bbox 394 1744 460 1781; x_wconf 88' lang='lat' dir='ltr'>Kr.</span> <span class='ocrx_word' id='word_1_259' title='bbox 495 1747 567 1792; x_wconf 81' lang='grc'>57,</span> <span class='ocrx_word' id='word_1_260' title='bbox 601 1740 716 1796; x_wconf 42' lang='lat' dir='ltr'>gap)</span> <span class='ocrx_word' id='word_1_261' title='bbox 754 1766 800 1769; x_wconf 87' lang='lat'>—</span> <span class='ocrx_word' id='word_1_262' title='bbox 842 1748 905 1791; x_wconf 90' lang='lat'>12,</span> <span class='ocrx_word' id='word_1_263' title='bbox 942 1747 1049 1782; x_wconf 39' lang='grc' dir='ltr'>1ῃ4</span> <span class='ocrx_word' id='word_1_264' title='bbox 1090 1758 1134 1782; x_wconf 86' lang='lat' dir='ltr'>ex</span> <span class='ocrx_word' id='word_1_265' title='bbox 1168 1744 1356 1792; x_wconf 85' lang='lat' dir='ltr'>Capitone</span> <span class='ocrx_word' id='word_1_266' title='bbox 1388 1746 1411 1781; x_wconf 92' lang='lat' dir='ltr'>l.</span> <span class='ocrx_word' id='word_1_267' title='bbox 1444 1745 1481 1791; x_wconf 91' lang='grc'>1.,</span> 
     </span>
     <span class='ocr_line' id='line_1_30' title="bbox 148 1798 1479 1854; baseline 0.002 -17"><span class='ocrx_word' id='word_1_268' title='bbox 148 1805 171 1837; x_wconf 74' lang='lat'>5</span> <span class='ocrx_word' id='word_1_269' title='bbox 194 1816 248 1850; x_wconf 83' lang='lat' dir='ltr'>sq.</span> <span class='ocrx_word' id='word_1_270' title='bbox 282 1815 325 1839; x_wconf 84' lang='lat' dir='ltr'>ex</span> <span class='ocrx_word' id='word_1_271' title='bbox 358 1803 533 1840; x_wconf 82' lang='lat' dir='ltr'>Varrone</span> <span class='ocrx_word' id='word_1_272' title='bbox 565 1804 588 1840; x_wconf 93' lang='lat' dir='ltr'>l.</span> <span class='ocrx_word' id='word_1_273' title='bbox 621 1805 645 1840; x_wconf 91' lang='lat' dir='ltr'>l.</span> <span class='ocrx_word' id='word_1_274' title='bbox 685 1804 775 1854; x_wconf 72' lang='lat' dir='ltr'>(Me.</span> <span class='ocrx_word' id='word_1_275' title='bbox 805 1806 905 1851; x_wconf 73' lang='lat'>6493</span> <span class='ocrx_word' id='word_1_276' title='bbox 940 1805 1019 1841; x_wconf 90' lang='grc'>667</span> <span class='ocrx_word' id='word_1_277' title='bbox 1061 1806 1131 1841; x_wconf 80' lang='lat' dir='ltr'>Ru.</span> <span class='ocrx_word' id='word_1_278' title='bbox 1160 1806 1231 1851; x_wconf 83' lang='grc'>21,</span> <span class='ocrx_word' id='word_1_279' title='bbox 1265 1804 1336 1850; x_wconf 88' lang='grc'>67,</span> <span class='ocrx_word' id='word_1_280' title='bbox 1366 1798 1479 1853; x_wconf 24' lang='grc'>72)(31)</span> 
     </span>
    </p>

    <p class='ocr_par' dir='ltr' id='par_1_3' title="bbox 242 1903 1431 1948">
     <span class='ocr_line' id='line_1_31' title="bbox 242 1903 1431 1948; baseline -0.001 -11"><span class='ocrx_word' id='word_1_281' title='bbox 242 1906 274 1941; x_wconf 77' lang='grc'>1)</span> <span class='ocrx_word' id='word_1_282' title='bbox 300 1903 564 1937; x_wconf 79' lang='lat' dir='ltr'>Reifferscheid</span> <span class='ocrx_word' id='word_1_283' title='bbox 583 1916 616 1948; x_wconf 89' lang='lat' dir='ltr'>p.</span> <span class='ocrx_word' id='word_1_284' title='bbox 639 1908 706 1937; x_wconf 76' lang='lat'>424</span> <span class='ocrx_word' id='word_1_285' title='bbox 721 1904 803 1938; x_wconf 85' lang='lat' dir='ltr'>adn.</span> <span class='ocrx_word' id='word_1_286' title='bbox 929 1909 962 1944; x_wconf 78' lang='grc'>2)</span> <span class='ocrx_word' id='word_1_287' title='bbox 989 1904 1057 1938; x_wconf 82' lang='lat' dir='ltr'>Cfr.</span> <span class='ocrx_word' id='word_1_288' title='bbox 1080 1903 1177 1938; x_wconf 85' lang='lat' dir='ltr'>Beck</span> <span class='ocrx_word' id='word_1_289' title='bbox 1198 1907 1239 1937; x_wconf 83' lang='lat'>41</span> <span class='ocrx_word' id='word_1_290' title='bbox 1267 1903 1332 1936; x_wconf 84' lang='lat' dir='ltr'>Ne.</span> <span class='ocrx_word' id='word_1_291' title='bbox 1355 1907 1431 1937; x_wconf 78' lang='lat'>233.</span> 
     </span>
    </p>
   </div>
   <div class='ocr_carea' id='block_1_3' title="bbox 144 1945 1478 2322">
    <p class='ocr_par' dir='ltr' id='par_1_4' title="bbox 146 1945 1478 2042">
     <span class='ocr_line' id='line_1_32' title="bbox 241 1945 1478 1994; baseline -0.001 -11"><span class='ocrx_word' id='word_1_292' title='bbox 241 1952 274 1993; x_wconf 79' lang='lat'>3&gt;</span> <span class='ocrx_word' id='word_1_293' title='bbox 301 1950 461 1994; x_wconf 80' lang='lat' dir='ltr'>Roehrig</span> <span class='ocrx_word' id='word_1_294' title='bbox 492 1955 531 1984; x_wconf 89' lang='lat'>11</span> <span class='ocrx_word' id='word_1_295' title='bbox 568 1950 747 1984; x_wconf 78' lang='lat' dir='ltr'>swoboda</span> <span class='ocrx_word' id='word_1_296' title='bbox 775 1955 834 1993; x_wconf 76' lang='grc'>12,</span> <span class='ocrx_word' id='word_1_297' title='bbox 864 1954 922 1993; x_wconf 76' lang='lat'>753</span> <span class='ocrx_word' id='word_1_298' title='bbox 951 1945 997 1985; x_wconf 79' lang='lat' dir='ltr'>ex</span> <span class='ocrx_word' id='word_1_299' title='bbox 1024 1950 1151 1985; x_wconf 90' lang='lat' dir='ltr'>Verrio</span> <span class='ocrx_word' id='word_1_300' title='bbox 1183 1950 1245 1994; x_wconf 87' lang='lat' dir='ltr'>qui</span> <span class='ocrx_word' id='word_1_301' title='bbox 1277 1950 1478 1994; x_wconf 81' lang='lat' dir='ltr'>profectam</span> 
     </span>
     <span class='ocr_line' id='line_1_33' title="bbox 146 1997 1477 2042; baseline 0 -12"><span class='ocrx_word' id='word_1_302' title='bbox 146 2008 223 2030; x_wconf 76' lang='lat' dir='ltr'>esse</span> <span class='ocrx_word' id='word_1_303' title='bbox 252 2002 270 2037; x_wconf 66' lang='grc' dir='ltr'>ξ</span> <span class='ocrx_word' id='word_1_304' title='bbox 298 2002 318 2030; x_wconf 85' lang='grc'>4</span> <span class='ocrx_word' id='word_1_305' title='bbox 345 1998 534 2031; x_wconf 79' lang='lat' dir='ltr'>contendit</span> <span class='ocrx_word' id='word_1_306' title='bbox 560 1997 640 2031; x_wconf 81' lang='lat' dir='ltr'>coll.</span> <span class='ocrx_word' id='word_1_307' title='bbox 668 1998 763 2031; x_wconf 84' lang='lat' dir='ltr'>Fest.</span> <span class='ocrx_word' id='word_1_308' title='bbox 790 2010 824 2042; x_wconf 90' lang='lat' dir='ltr'>p.</span> <span class='ocrx_word' id='word_1_309' title='bbox 855 2002 931 2040; x_wconf 73' lang='lat'>153,</span> <span class='ocrx_word' id='word_1_310' title='bbox 964 1997 1141 2032; x_wconf 87' lang='lat' dir='ltr'>Merkelio</span> <span class='ocrx_word' id='word_1_311' title='bbox 1168 1997 1314 2031; x_wconf 77' lang='lat' dir='ltr'>obsistit</span> <span class='ocrx_word' id='word_1_312' title='bbox 1339 1997 1398 2030; x_wconf 89' lang='lat' dir='ltr'>Kr.</span> <span class='ocrx_word' id='word_1_313' title='bbox 1426 2000 1477 2030; x_wconf 73' lang='lat'>75.</span> 
     </span>
    </p>

    <p class='ocr_par' dir='ltr' id='par_1_5' title="bbox 241 2043 1297 2088">
     <span class='ocr_line' id='line_1_34' title="bbox 241 2043 1297 2088; baseline 0 -11"><span class='ocrx_word' id='word_1_314' title='bbox 241 2048 275 2087; x_wconf 72' lang='lat'>4)</span> <span class='ocrx_word' id='word_1_315' title='bbox 301 2043 453 2078; x_wconf 83' lang='lat' dir='ltr'>Diversa</span> <span class='ocrx_word' id='word_1_316' title='bbox 479 2046 564 2078; x_wconf 84' lang='lat' dir='ltr'>sunt</span> <span class='ocrx_word' id='word_1_317' title='bbox 589 2044 774 2088; x_wconf 77' lang='lat' dir='ltr'>exempla,</span> <span class='ocrx_word' id='word_1_318' title='bbox 800 2055 894 2088; x_wconf 83' lang='lat' dir='ltr'>quae</span> <span class='ocrx_word' id='word_1_319' title='bbox 920 2045 989 2079; x_wconf 88' lang='lat' dir='ltr'>Me.</span> <span class='ocrx_word' id='word_1_320' title='bbox 1012 2048 1078 2079; x_wconf 81' lang='grc'>696</span> <span class='ocrx_word' id='word_1_321' title='bbox 1105 2044 1297 2088; x_wconf 80' lang='lat' dir='ltr'>congessit.</span> 
     </span>
    </p>

    <p class='ocr_par' dir='ltr' id='par_1_6' title="bbox 147 2090 1478 2181">
     <span class='ocr_line' id='line_1_35' title="bbox 241 2090 1478 2135; baseline -0.001 -11"><span class='ocrx_word' id='word_1_322' title='bbox 241 2094 274 2132; x_wconf 74' lang='grc' dir='ltr'>ὃ)</span> <span class='ocrx_word' id='word_1_323' title='bbox 300 2091 461 2135; x_wconf 81' lang='lat' dir='ltr'>Roehrig</span> <span class='ocrx_word' id='word_1_324' title='bbox 489 2096 527 2124; x_wconf 92' lang='grc'>11</span> <span class='ocrx_word' id='word_1_325' title='bbox 558 2090 737 2125; x_wconf 84' lang='lat' dir='ltr'>Swoboda</span> <span class='ocrx_word' id='word_1_326' title='bbox 765 2096 823 2134; x_wconf 80' lang='grc'>14,</span> <span class='ocrx_word' id='word_1_327' title='bbox 851 2093 969 2126; x_wconf 83' lang='lat' dir='ltr'>totum</span> <span class='ocrx_word' id='word_1_328' title='bbox 998 2102 1038 2125; x_wconf 77' lang='lat' dir='ltr'>ex</span> <span class='ocrx_word' id='word_1_329' title='bbox 1066 2091 1234 2126; x_wconf 83' lang='lat' dir='ltr'>Labeone</span> <span class='ocrx_word' id='word_1_330' title='bbox 1259 2090 1478 2124; x_wconf 81' lang='lat' dir='ltr'>translatum</span> 
     </span>
     <span class='ocr_line' id='line_1_36' title="bbox 147 2137 1028 2181; baseline 0.001 -10"><span class='ocrx_word' id='word_1_331' title='bbox 147 2149 225 2171; x_wconf 78' lang='lat' dir='ltr'>esse</span> <span class='ocrx_word' id='word_1_332' title='bbox 252 2139 360 2181; x_wconf 86' lang='lat' dir='ltr'>putat</span> <span class='ocrx_word' id='word_1_333' title='bbox 384 2137 450 2171; x_wconf 89' lang='lat' dir='ltr'>Ne.</span> <span class='ocrx_word' id='word_1_334' title='bbox 473 2141 552 2179; x_wconf 70' lang='lat'>⁶272,</span> <span class='ocrx_word' id='word_1_335' title='bbox 578 2138 640 2172; x_wconf 84' lang='lat' dir='ltr'>efr.</span> <span class='ocrx_word' id='word_1_336' title='bbox 662 2138 730 2172; x_wconf 89' lang='lat' dir='ltr'>Me.</span> <span class='ocrx_word' id='word_1_337' title='bbox 754 2142 820 2173; x_wconf 78' lang='lat'>653</span> <span class='ocrx_word' id='word_1_338' title='bbox 847 2149 929 2173; x_wconf 87' lang='lat' dir='ltr'>ann.</span> <span class='ocrx_word' id='word_1_339' title='bbox 953 2142 1028 2172; x_wconf 71' lang='grc'>719.</span> 
     </span>
    </p>

    <p class='ocr_par' dir='ltr' id='par_1_7' title="bbox 144 2184 1478 2322">
     <span class='ocr_line' id='line_1_37' title="bbox 243 2184 1476 2229; baseline 0.001 -12"><span class='ocrx_word' id='word_1_340' title='bbox 243 2188 276 2229; x_wconf 86' lang='grc'>6)</span> <span class='ocrx_word' id='word_1_341' title='bbox 302 2184 422 2218; x_wconf 82' lang='lat' dir='ltr'>Etiam</span> <span class='ocrx_word' id='word_1_342' title='bbox 445 2189 463 2226; x_wconf 61' lang='grc' dir='ltr'>ξ</span> <span class='ocrx_word' id='word_1_343' title='bbox 486 2189 505 2218; x_wconf 83' lang='grc'>5</span> <span class='ocrx_word' id='word_1_344' title='bbox 521 2196 571 2227; x_wconf 80' lang='lat' dir='ltr'>sq.</span> <span class='ocrx_word' id='word_1_345' title='bbox 593 2185 700 2219; x_wconf 88' lang='lat' dir='ltr'>Ateio</span> <span class='ocrx_word' id='word_1_346' title='bbox 727 2186 905 2229; x_wconf 84' lang='lat' dir='ltr'>originem</span> <span class='ocrx_word' id='word_1_347' title='bbox 928 2185 1052 2219; x_wconf 82' lang='lat' dir='ltr'>deberi</span> <span class='ocrx_word' id='word_1_348' title='bbox 1073 2186 1214 2218; x_wconf 82' lang='lat' dir='ltr'>iudicat</span> <span class='ocrx_word' id='word_1_349' title='bbox 1233 2184 1365 2218; x_wconf 68' lang='lat' dir='ltr'>Mirsoh</span> <span class='ocrx_word' id='word_1_350' title='bbox 1390 2185 1476 2218; x_wconf 76' lang='lat' dir='ltr'>Var—</span> 
     </span>
     <span class='ocr_line' id='line_1_38' title="bbox 146 2231 1478 2276; baseline -0.001 -11"><span class='ocrx_word' id='word_1_351' title='bbox 146 2234 245 2265; x_wconf 71' lang='lat' dir='ltr'>ronis</span> <span class='ocrx_word' id='word_1_352' title='bbox 270 2234 381 2275; x_wconf 72' lang='lat' dir='ltr'>cwetiq.</span> <span class='ocrx_word' id='word_1_353' title='bbox 410 2235 469 2274; x_wconf 72' lang='lat'>603</span> <span class='ocrx_word' id='word_1_354' title='bbox 497 2232 560 2266; x_wconf 86' lang='lat' dir='ltr'>sed</span> <span class='ocrx_word' id='word_1_355' title='bbox 586 2232 659 2266; x_wconf 86' lang='lat' dir='ltr'>iarn</span> <span class='ocrx_word' id='word_1_356' title='bbox 686 2232 825 2276; x_wconf 73' lang='lat' dir='ltr'>obstat,</span> <span class='ocrx_word' id='word_1_357' title='bbox 853 2232 948 2276; x_wconf 84' lang='lat' dir='ltr'>quod</span> <span class='ocrx_word' id='word_1_358' title='bbox 977 2233 1086 2266; x_wconf 79' lang='lat' dir='ltr'>etiam</span> <span class='ocrx_word' id='word_1_359' title='bbox 1115 2244 1142 2265; x_wconf 83' lang='lat' dir='ltr'>c.</span> <span class='ocrx_word' id='word_1_360' title='bbox 1169 2236 1210 2266; x_wconf 87' lang='lat'>13</span> <span class='ocrx_word' id='word_1_361' title='bbox 1237 2242 1279 2265; x_wconf 81' lang='lat' dir='ltr'>ex</span> <span class='ocrx_word' id='word_1_362' title='bbox 1305 2231 1478 2265; x_wconf 83' lang='lat' dir='ltr'>Varronis</span> 
     </span>
     <span class='ocr_line' id='line_1_39' title="bbox 144 2278 674 2322; baseline 0.002 -11"><span class='ocrx_word' id='word_1_363' title='bbox 144 2290 210 2312; x_wconf 80' lang='lat' dir='ltr'>rer.</span> <span class='ocrx_word' id='word_1_364' title='bbox 234 2279 330 2311; x_wconf 85' lang='lat' dir='ltr'>hum.</span> <span class='ocrx_word' id='word_1_365' title='bbox 352 2278 433 2311; x_wconf 79' lang='lat' dir='ltr'>XXI</span> <span class='ocrx_word' id='word_1_366' title='bbox 458 2279 674 2322; x_wconf 78' lang='lat' dir='ltr'>provenerit.</span> 
     </span>
    </p>
   </div>
  </div>
 </body>
</html>
