1591 2474
151 73 210 106 LX
681 73 948 107 PRAEFATIO

153 186 331 232 quamvis
376 187 583 235 genuinam
621 198 778 222 manum
816 185 921 222 illius
959 185 1158 234 scriptoris
1195 198 1271 223 non
1309 185 1484 234 reddant,

152 247 281 281 tamen
315 243 430 281 Gellii
467 246 558 281 sunt
582 238 638 280 ¹ex
677 244 785 280 libris
823 244 1046 292 depravatis
1083 245 1152 281 illa
1190 257 1260 282 sua
1293 245 1484 292 facientis,

153 305 281 351 sieque
313 304 475 340 fortasse
501 302 539 339 Π
568 303 633 348 23,
661 304 714 339 20
742 297 795 352 (p.
827 302 920 350 128,
949 297 1019 354 16)
1052 302 1295 340 retinendum
1329 306 1412 340 erat
1437 302 1484 341 οὐ

152 361 497 410 ὁυνάμενος,.(·ωι]
530 361 631 398 idem
664 361 767 409 apud
801 360 1009 397 Stobaeum
1041 363 1273 409 inveniatur,
1306 362 1484 410 quamvis

152 421 190 456 in
235 421 319 468 ipso
357 419 569 457 Menandro
613 420 827 468 palmarem
871 422 1003 468 putem
1043 420 1187 457 Zedelii
1228 422 1482 458 mutationem

153 476 272 515 οὐδὲν
305 476 427 529 μέρος.

240 538 386 584 Restat,
419 540 463 574 ut
493 536 555 574 hie
584 550 736 585 quoque
763 539 911 586 gratias
938 549 1052 587 agam
1078 538 1243 575 Ricardo
1269 538 1485 585 Foerstero,

152 596 258 632 cuius
292 608 441 632 summa
472 595 714 645 benignitate
746 597 876 645 copias
902 595 1133 633 Hertzianas
1165 597 1261 633 mihi
1287 609 1484 634 eoneessas

152 667 230 691 esse
269 666 387 703 supra
422 654 661 703 praedicavi,
699 656 845 703 optime
876 656 933 691 ita
965 655 1010 691 de
1041 655 1112 692 hac
1145 655 1313 693 editione
1345 656 1484 692 merito

151 716 189 749 et
220 713 426 750 Franciseo
459 711 678 760 Skutschio,
711 714 818 750 euius
851 726 1006 762 operam
1039 726 1127 750 eum
1158 714 1232 751 toti
1263 714 1369 762 operi
1401 716 1484 750 tum

151 772 380 821 fragmentis
419 773 670 820 antiquorum
709 772 969 809 scaenicorum
1008 775 1192 809 navatam
1230 774 1407 820 quamvis
1442 775 1484 808 ut

152 831 265 867 amici
297 830 418 868 fusius
451 830 631 868 laudibus
663 830 797 867 efferre
825 831 957 878 nolim,
990 834 1033 867 ut
1057 832 1140 880 ipse
1165 831 1326 868 memori
1354 832 1483 867 animo

148 902 266 936 eneo,
298 890 355 926 ita
387 889 484 927 alios
517 890 634 938 plane
666 891 847 938 ignorare
880 902 956 926 non
991 889 1129 938 patiar.

236 971 515 1009 Monasterii
547 984 675 1009 mense
708 970 866 1009 Octobri
900 972 989 1008 anni
1022 971 1185 1008 MCMII.
