1617 2484
720 55 746 87 V
780 61 816 90 13
1353 58 1435 99 227

98 163 293 203 audiente
326 177 391 202 me
424 162 473 202 de
505 163 635 216 gradu
669 167 794 215 atque
828 164 972 204 ordine
1005 163 1254 204 officiorum.
1315 163 1437 205 Cum-

99 236 179 273 que
207 224 486 273 quaereretur,
519 221 672 273 quibus
700 236 775 262 nos
803 237 850 262 ea
876 222 1088 275 prioribus
1115 223 1437 276 potioribusque

98 281 234 320 facere
261 282 485 332 oporteret,
511 280 544 319 si
572 294 738 320 necesse
766 284 874 321 esset
901 281 943 320 in
971 296 1097 335 opera
1123 281 1258 321 danda
1285 283 1436 322 facien-

99 338 235 391 doque
269 338 409 378 officio
442 338 547 378 alios
580 339 672 378 aliis
705 340 931 392 anteferre,
966 354 1051 379 non
1085 340 1434 381 consentiebatur.

99 395 386 437 Conveniebat
435 399 574 437 autem
626 396 749 437 facilc
799 398 1103 451 constabatque
1154 413 1203 439 ex
1247 399 1470 440 moribus2

95 455 243 508 populi
281 454 461 495 Romani
506 455 685 507 primum
728 456 846 495 iuxta
884 460 1076 509 parentes
1114 458 1255 498 locum
1295 460 1436 498 tenere

44 550 45 554 ,
96 513 282 566 pupillos
309 513 458 553 debere
484 514 581 554 fidei
608 514 849 566 tutelaeque
876 517 1043 555 nostrae
1067 516 1265 568 credit0s3
1293 530 1435 556 secun-

44 705 75 729 10

42 1288 74 1312 20

42 1579 74 1604 25

96 571 195 611 dum
216 586 286 612 eos
307 572 547 625 proximum
567 573 708 612 locum
727 573 898 613 clientes
913 573 1079 626 habere,
1099 575 1170 626 qui
1187 589 1275 614 sese
1289 575 1434 615 itidem

95 630 139 670 in
176 630 302 670 fidem
341 631 707 683 patrociniumque
740 634 932 671 nostrum
966 631 1229 682 dedideruntg
1269 636 1358 672 tuin
1392 633 1435 672 in

95 688 220 728 tertio
240 687 334 728 loco
356 703 445 729 esse
465 688 671 742 hospites3
692 693 838 743 postea
859 704 947 730 esse
962 693 1165 744 cognatos
1180 690 1434 744 adfinesque.

182 746 320 786 Huius
371 747 499 787 moris
551 747 941 800 observationisque
991 749 1125 788 multa
1176 752 1273 789 sunt
1319 750 1468 790 testi-3

96 805 237 845 monia
263 808 389 858 atque
416 805 667 846 documenta
694 807 737 846 in
762 807 1164 859 antiquitatibus
1190 809 1434 860 perscripta,

95 878 145 904 ex
179 863 331 916 quibus
358 878 489 903 unum
514 863 596 904 hoc
622 865 790 905 interim
818 865 867 905 de
894 865 1118 905 clientibus
1146 866 1434 919 cognatisque,

96 922 208 975 quod
246 936 344 975 prae
383 922 578 962 manibus
612 925 691 975 est,
729 937 945 976 ponemus.
1008 923 1062 963 M.
1098 922 1219 964 Cato
1252 924 1296 963 in
1330 935 1469 965 ora-4

95 980 251 1033 tione,
290 994 433 1033 quam
473 981 604 1021 dixit
638 982 767 1034 apud
800 995 1033 1022 censores
1066 981 1115 1021 in
1147 981 1434 1036 Lentulum,

94 1038 153 1079 ita
203 1038 371 1092 scripsit
418 1038 705 1092 (XLIJJ.):
756 1039 894 1087 Quod
943 1040 1157 1080 maiores
1208 1041 1433 1081 sanctius

94 1096 313 1137 habuere
357 1097 556 1137 defendi
601 1098 826 1151 pupillos
872 1112 1014 1151 quam
1061 1099 1297 1139 clientem
1336 1113 1435 1140 non

94 1155 285 1195 fallere.
353 1154 606 1196 Adversus
647 1159 890 1211 cognatos
928 1171 1016 1210 pro
1056 1157 1243 1197 cliente
1280 1160 1433 1198 testa-

94 1216 191 1266 tur,
224 1213 573 1254 testimonium
600 1215 837 1255 adversus
864 1215 1100 1255 clientem
1127 1229 1269 1255 nemo
1298 1216 1432 1256 dicit.

93 1271 289 1312 Patrem
340 1272 570 1325 primum,
621 1276 797 1326 postea
840 1276 1107 1326 patronum
1151 1274 1433 1326 proximum

95 1344 273 1370 nomen
303 1329 532 1370 habuere.

181 1388 430 1428 Masurius
480 1391 621 1429 autem
667 1388 883 1430 Sabinus
933 1390 977 1429 in
1019 1390 1152 1430 libro
1197 1390 1322 1430 iuris
1368 1390 1467 1431 ci-5

94 1447 212 1487 vilis
249 1447 404 1487 tertio
443 1447 724 1500 antiquiorem
759 1448 899 1488 locum
932 1447 1092 1501 hospiti
1123 1448 1432 1501 tribuitquam

94 1505 247 1546 clienti.
310 1503 450 1545 Verba
482 1520 533 1546 ex
565 1519 613 1546 eo
645 1506 755 1546 libro
788 1505 891 1546 haec
923 1509 1022 1547 sunt
1053 1507 1124 1559 (fr.
1147 1509 1172 1547 6
1191 1506 1247 1547 H.
1270 1509 1300 1548 2
1319 1507 1432 1560 Bm:

94 1562 148 1604 In
193 1562 387 1604 officiis
431 1564 561 1617 apud
605 1565 818 1605 maiores
863 1565 933 1605 ita
977 1565 1299 1605 observatum
1341 1568 1431 1606 est:

94 1622 306 1675 primum
338 1622 546 1674 tutelae,
579 1621 756 1663 deinde
786 1622 1000 1676 hospiti,
1032 1623 1208 1663 deinde
1236 1623 1432 1676 clienti,

93 1683 196 1721 tum
229 1682 461 1734 cognato,
492 1683 667 1733 postea
693 1681 864 1721 adfini.
921 1679 1092 1733 Aequa
1119 1695 1265 1721 causa
1291 1682 1431 1721 femi-

94 1752 183 1779 nae
214 1739 337 1778 viris
370 1738 595 1791 potiores
627 1739 830 1780 habitae
862 1739 1239 1792 pupillarisque
1269 1740 1432 1780 tutela

93 1796 333 1837 muliebri
376 1797 613 1850 praelata.
682 1797 847 1837 Etiam
892 1797 1131 1837 adversus
1170 1811 1312 1850 quem
1351 1797 1431 1838 ad-

189 1902 231 1931 29
259 1898 341 1941 Dig.
363 1899 413 1932 ΙΙΙ
435 1903 464 1941 1,
488 1903 527 1932 11

189 1995 208 2024 2
233 2002 340 2025 nosse
367 2001 388 2025 a
408 2004 434 2024 ω
454 1993 464 2034 Η
484 1995 505 2024 4
532 1991 830 2025 consentiebatur
854 1993 984 2035 scripsi
1003 1993 1078 2027 coll.
1100 1992 1173 2025 III
1189 1996 1245 2034 11,
1266 1996 1284 2026 1
1307 1992 1347 2026 X
1361 1995 1393 2034 7,
1409 1996 1429 2027 1

95 2038 248 2080 XIV2,
268 2041 315 2072 17
347 2038 597 2072 constituebat
629 2038 881 2081 (confatuebat
906 2040 948 2081 R)
976 2052 1002 2071 ω
1036 2038 1230 2072 constabat
1256 2050 1276 2072 6
1294 2041 1305 2082 Η
1325 2043 1344 2072 5
1376 2039 1431 2073 fa-

95 2095 175 2118 cere
196 2098 222 2117 ω
243 2086 253 2128 ΙΙ
273 2088 292 2117 9
319 2086 406 2118 tunc
428 2098 454 2117 ω
476 2086 487 2128 ΙΙ
508 2088 549 2118 18
575 2086 755 2118 testamur
778 2085 839 2119 Gr
866 2085 1006 2126 testari,
1034 2096 1115 2118 cum
1137 2087 1243 2120 Mms.
1265 2087 1276 2128 Η
1297 2089 1338 2118 21
1366 2085 1430 2119 ha-

93 2131 180 2165 bere
206 2144 232 2164 ω
260 2131 381 2173 Imus„
407 2141 495 2165 corr.
519 2132 732 2165 Mai'anszus
751 2134 761 2174 ΙΙ
782 2134 824 2164 ‘26
851 2112 1041 2165 clientiu'm
1068 2131 1150 2175 (ely.
1177 2134 1215 2185 P)
1242 2142 1345 2176 cogn.
1374 2145 1400 2165 ω
1420 2134 1431 2176 Η

95 2181 136 2211 27
170 2178 300 2220 Aequa
330 2179 425 2212 Boot
455 2176 508 2211 De
541 2188 613 2220 qua
645 2191 671 2210 ω
702 2177 742 2210 In
776 2188 894 2220 aequa
924 2178 1025 2223 Mdy
1052 2180 1063 2221 Η
1090 2182 1132 2211 28
1164 2178 1252 2212 viris
1284 2189 1349 2212 om.
1375 2180 1427 2223 P}

94 2235 180 2267 pup.
197 2226 223 2266 (-
211 2234 381 2267 -aresque
393 2225 436 2267 R>
449 2225 474 2257 t.
490 2223 635 2258 mulieri
650 2224 818 2267 praelata
833 2224 994 2267 (muleris
1009 2224 1087 2258 lata
1099 2227 1137 2268 P)
1153 2238 1179 2258 ω
1197 2225 1430 2260 eorr.Ca1rzo

94 2270 345 2313 pupillarique
370 2269 511 2304 tutelae
536 2270 725 2304 muliebris
749 2271 811 2304 Gr.

1152 2329 1218 2362 15*
