1611 2474
152 59 236 99 304
698 60 763 94 VII
790 60 863 106 (VI)
893 64 934 95 17

114 166 233 207 2Eos
272 182 397 220 porro
435 168 565 207 libros
603 168 819 209 universos
855 170 999 209 multis
1031 173 1127 223 post
1158 171 1477 224 tempestatibus

151 224 348 266 Seleucus
387 240 475 277 rex,
519 226 590 278 qui
628 225 814 267 Nicanor
851 228 1086 281 appellatus
1124 232 1203 281 est,
1240 230 1477 270 referendos

149 282 337 324 Athenas
370 285 540 324 curavit.

237 341 389 397 Ingens
433 345 579 396 postea
622 359 819 385 numerus
862 345 1066 385 librorum
1110 346 1153 386 in
1190 344 1387 400 Aegypto
1425 347 1477 387 ab

149 401 400 442 Ptolemaeis
443 402 613 456 regibus
657 403 722 443 vel
763 403 1023 456 conquisitus
1060 405 1127 444 vel
1164 405 1378 445 confectus
1416 408 1479 446 est

149 460 199 500 ad
236 460 350 500 milia
381 460 511 500 ferme
542 461 805 501 voluminum
837 462 1118 516 septingenta3
1157 463 1228 503 sed
1259 477 1305 503 ea
1338 464 1478 504 omnia

149 519 260 559 bello
293 519 431 571 priore
456 518 753 572 Alexandrino⁷
785 521 883 561 dum
910 521 1105 574 diripitur
1130 535 1177 561 ea
1203 522 1361 574 civitas,
1392 536 1479 563 non

149 580 298 630 sponte
340 591 476 630 neque
520 591 645 631 opera
689 579 897 632 consulta,
941 580 1011 620 sed
1054 594 1077 620 a
1120 580 1326 621 militibus
1369 580 1477 621 forte

148 636 362 676 auxiliaris
394 636 562 677 incensa
594 640 700 678 sunt.

242 766 353 807 4sqq.
391 763 504 797 Amin.
532 763 630 797 XXII
658 768 710 805 16,
740 768 780 798 13
813 764 896 798 Isid.
925 765 973 798 VI
999 769 1030 807 3,
1058 770 1077 799 5
1104 765 1198 809 (Sen.
1228 766 1312 799 dial.
1334 765 1383 800 IX
1404 769 1434 808 9,
1456 770 1475 798 5

150 809 249 844 Oros.
270 810 319 843 VI
342 814 394 851 15,
416 812 472 853 31)
616 814 636 845 8
662 812 778 845 Amm.
799 811 882 845 XIV
904 816 956 853 10,
978 816 997 845 5
1024 812 1139 846 XXIX
1161 817 1190 855 1,
1212 816 1230 845 3

243 932 261 960 2
297 927 449 961 Nicator
479 928 670 971 Scioppius
703 929 706 973 Ι
740 928 948 963 referendas
980 933 1008 962 V
1038 931 1049 973 ΙΙ
1082 933 1100 963 6
1133 930 1224 964 ferre
1256 930 1302 963 Vl
1335 932 1339 974 l
1373 930 1476 964 uolu-

148 975 248 1008 mina
267 975 313 1007 Vl
336 976 339 1018 Ι
363 975 598 1019 septuaginta
620 987 639 1013 ς
666 977 755 1010 [sid.
784 977 840 1010 VI
855 979 887 1017 3,
909 980 929 1010 5
