1617 2484
49 720 80 744 10

49 1014 80 1038 15

48 1308 81 1332 20

47 1602 80 1626 25

47 1895 82 1920 30

664 64 709 97 v1
736 64 827 107 (vn,
856 69 874 97 3
1355 66 1437 105 247

102 172 349 224 confutet,
400 187 519 212 neve
572 172 689 213 haec
742 173 941 213 laetitia
986 174 1133 213 nimis
1178 174 1438 214 luxuriose

102 232 310 272 eveniat.
368 230 623 271 Advorsae
657 246 731 271 res
765 231 995 272 edomant
1022 236 1069 272 et
1096 233 1293 282 docent,
1326 233 1438 285 quid

103 306 225 343 opus
276 291 371 330 siet
418 290 571 342 sacto,
622 290 867 330 secundae
913 306 988 331 res
1034 292 1232 332 laetitia
1277 295 1439 332 trans-

102 364 298 390 vorsum
340 349 540 389 trudere
580 350 745 389 solent
784 364 806 388 a
846 353 980 389 recte
1020 349 1329 391 consulendo
1368 354 1439 391 at-

102 423 193 460 que
226 408 583 460 intellegendo.
647 407 750 456 Quo
784 409 969 447 maiore
1003 424 1151 461 opere
1184 409 1295 450 dico
1329 424 1439 449 sua-

101 467 309 520 deoque,
354 467 425 507 uti
471 466 590 507 haec
635 482 709 506 res
754 467 950 520 aliquot
989 468 1093 508 dies
1132 468 1441 521 proferatur,

100 525 212 566 dum
259 540 313 566 ex
359 528 501 566 tanto
546 526 728 580 gaudio
774 526 822 565 in
868 529 1170 578 potestatem
1219 531 1436 568 nostram

103 585 388 625 redeamus)

190 644 321 692 Quae
354 643 531 683 deinde
564 642 684 683 Cato
718 644 857 683 iuxta
891 643 1033 695 dicit,
1071 660 1123 684 ea
1157 645 1293 697 inquit
1326 656 1498 686 con-15

101 703 369 743 sessionem
430 703 642 754 faciunt,
705 716 801 742 non
857 702 1219 756 defensionem,
1281 718 1439 756 neque

102 762 537 815 propulsationem
587 761 1040 802 translationemve
1086 763 1313 803 criminis
1358 763 1439 803 ha-

102 820 235 873 bent,
266 821 345 861 sed
375 835 480 860 cum
508 819 741 873 pluribus
767 819 883 860 aliis
911 822 1440 873 communicationem,

100 879 230 932 quod
269 879 469 920 scilicet
507 878 636 919 nihil
674 879 731 919 ad
770 879 1082 933 purgandum
1122 883 1205 921 est.
1275 879 1439 933 Atque

101 938 250 978 etiam
288 938 426 991 inquit
464 938 670 991 insuper
709 938 986 991 profitetur
1018 938 1317 991 Rodienses,
1356 940 1439 992 qui

101 998 486 1049 accusabantur,
531 997 661 1050 quod
705 997 943 1037 adversus
985 998 1226 1050 populum
1264 997 1440 1038 Roma-

102 1070 213 1096 num
251 1057 358 1110 regi
397 1056 553 1110 magis
593 1056 849 1108 cupierint
886 1056 1227 1110 faverintque,
1271 1056 1319 1097 id
1357 1072 1440 1097 eos

101 1115 299 1168 cupisse
332 1118 481 1167 atque
514 1115 700 1155 favisse
734 1115 984 1155 utilitatis
1017 1130 1133 1156 suae
1166 1116 1348 1170 gratia,
1382 1131 1439 1156 ne

101 1172 311 1213 Romani
337 1173 484 1214 Perse
519 1187 716 1226 quoque
747 1188 863 1228 rege
895 1175 1029 1214 victo
1063 1175 1120 1214 ad
1153 1175 1438 1228 superbiam

100 1233 441 1285 ferociamque
487 1236 533 1273 et
578 1232 881 1273 inmodicum
926 1233 1120 1273 modum
1166 1234 1439 1274 insolesce-

100 1294 221 1331 rent.
285 1291 429 1344 anue
468 1292 558 1344 ipsa
591 1291 717 1332 verba
749 1292 887 1345 ponit,
925 1292 984 1332 ita
1015 1294 1063 1332 ut
1095 1293 1203 1333 infra
1236 1293 1437 1346 scriptum
1457 1303 1498 1332 16

101 1350 303 1402 ('V2J.7)':
337 1349 518 1403 ‘Atque
551 1364 640 1404 ego
674 1351 871 1403 quidem
905 1351 1128 1391 arbitror
1160 1350 1439 1392 Rodienses

100 1409 326 1449 noluisse
377 1423 464 1449 nos
508 1409 578 1449 ita
622 1409 929 1463 depugnare,
979 1410 1052 1450 uti
1098 1410 1436 1465 depugnatum

101 1470 192 1519 est,
235 1482 394 1520 neque
438 1482 603 1522 regem
642 1467 827 1508 Persen
864 1469 1009 1509 vinci.
1080 1467 1173 1509 Sed
1211 1483 1306 1509 non
1346 1468 1439 1509 Ro-

101 1526 298 1567 dienses
340 1527 482 1567 modo
522 1527 569 1567 id
607 1528 831 1579 noluere,
876 1528 955 1567 sed
997 1527 1183 1568 multos
1223 1529 1439 1581 populos

101 1587 248 1638 atque
293 1586 475 1626 multas
517 1586 749 1626 nationes
788 1586 915 1626 idem
954 1587 1180 1627 noluisse
1218 1587 1442 1627 arbitror

101 1646 249 1696 atque
284 1644 404 1685 haut
436 1645 558 1697 scio,
597 1659 657 1684 an
689 1645 871 1698 partim
906 1659 1074 1685 eorum
1106 1646 1317 1697 fuerint,
1356 1646 1441 1697 qui

101 1716 198 1743 non
246 1706 448 1743 nostrae
499 1704 836 1744 contumeliae
886 1718 1034 1744 causa
1084 1704 1131 1744 id
1181 1704 1440 1745 noluerint

102 1762 319 1814 evenire,
366 1762 449 1802 sed
493 1762 621 1802 enim
666 1762 714 1802 id
757 1766 996 1814 metuere,
1039 1763 1170 1815 <ne,>
1214 1763 1254 1802 si
1298 1777 1439 1803 nemo

101 1823 232 1861 esset
258 1821 420 1874 homo,
453 1835 595 1873 quem
622 1835 924 1874 vereremur,
951 1821 1197 1874 quidquid
1222 1820 1440 1874 luberet,

101 1879 390 1919 faceremus.
447 1878 517 1919 Ne
551 1879 639 1919 sub
672 1880 779 1920 solo
813 1880 1024 1933 imperio
1057 1883 1231 1920 nostro
1264 1880 1313 1921 in
1340 1895 1439 1922 ser-

197 2010 213 2039 1
241 2006 315 2040 Liv.
336 2005 453 2040 XXIII
475 2010 528 2047 12,
552 2010 592 2040 12
619 2006 651 2039 Π
672 2010 725 2048 21,
747 2010 766 2039 6
913 2011 952 2041 11
981 2007 1098 2042 Amm.
1120 2007 1185 2041 XV
1205 2011 1236 2048 5,
1258 2011 1302 2040 20

196 2116 212 2145 1
242 2112 408 2155 cgnfuter
433 2115 457 2145 P
480 2113 483 2155 Ι
507 2111 621 2145 nimia
646 2112 812 2147 luctuose
839 2113 1037 2147 Bolhusius
1062 2114 1073 2157 ΙΙ
1099 2116 1118 2146 2
1145 2124 1183 2146 se
1209 2113 1361 2147 domant
1387 2115 1435 2146 (m

99 2170 142 2192 ecr
173 2170 195 2191 n
221 2153 317 2203 V)‘'³m
349 2170 437 2194 corr.
466 2160 641 2193 Pricaeus
665 2162 676 2203 ΙΙ
702 2163 720 2192 3
755 2159 802 2193 sit
827 2163 852 2192 P
876 2161 887 2203 Η
913 2164 933 2193 4
966 2162 1065 2193 recto
1098 2174 1125 2194 ω
1151 2162 1161 2203 Η
1188 2164 1207 2193 5
1240 2171 1352 2204 opera
1378 2163 1408 2192 R.
1426 2166 1436 2205 3!

101 2209 119 2238 7
142 2206 228 2239 dum
249 2217 269 2240 σ
288 2217 370 2239 cum
391 2220 417 2240 ω
437 2207 447 2250 ΙΙ
471 2209 511 2239 13
531 2206 639 2239 nihili
655 2210 745 2249 puto
769 2208 772 2250 Ι
794 2207 1036 2251 pugnandum
1057 2221 1083 2240 ω
1103 2218 1192 2241 corr.
1209 2218 1229 2241 6
1246 2209 1257 2252 11
1279 2211 1320 2240 19
1341 2207 1436 2253 <111>

99 2252 185 2286 inm.
207 2253 371 2287 Eussner
389 2257 399 2294 Η
420 2257 462 2286 23
489 2253 595 2287 vinci.
636 2253 706 2287 Sed
728 2254 831 2298 Mcly.
852 2253 985 2288 uicisse
1004 2257 1065 2286 PV
1085 2253 1198 2288 uicise
1218 2257 1248 2287 R
1266 2255 1277 2297 11
1299 2257 1341 2287 28
1362 2265 1437 2288 me-

99 2301 219 2333 tueres
240 2309 346 2334 nemo
360 2304 385 2333 P
408 2303 411 2343 Ι
435 2311 479 2334 ne
499 2300 582 2334 add.
600 2300 803 2342 ASchaefer
821 2302 832 2344 ΙΙ
852 2304 894 2334 29
916 2301 1006 2344 quid
1026 2301 1125 2344 quod
1139 2304 1200 2334 PV
1223 2303 1226 2345 Ι
1250 2301 1393 2335 iuberet
1407 2305 1437 2333 V
