1591 2474
139 68 251 104 LVIII
670 71 937 105 PRAEFATIO

134 196 179 219 ne
213 184 327 220 nimis
357 195 468 230 saepe
480 178 510 233 Γ)
538 195 582 219 ex
609 183 776 220 tenebris
802 182 914 219 illum
940 183 1153 230 elicuerim,
1185 185 1303 221 immo
1330 186 1465 222 etiam-

133 243 165 279 si
204 254 278 278 uno
319 242 488 278 alterove
524 242 650 289 capite
683 241 946 278 festinationis
977 244 1184 291 coargutus
1216 255 1297 289 ero,
1336 245 1464 280 tamen

133 301 223 346 alia,
256 312 354 348 quae
386 299 525 336 addere
552 299 723 337 nondum
749 312 863 337 ausus
890 312 974 337 sum
1000 302 1068 337 aut
1092 302 1198 347 scivi,
1231 314 1464 339 succrescere

133 360 271 406 quovis
319 359 481 408 pignore
531 359 760 395 certaverim
810 358 1021 396 arbitratus
1063 361 1106 396 ut
1143 359 1465 408 Theophrastum,

132 417 406 466 Hermippum,
445 416 756 466 Theopompum,
794 418 848 453 sic
886 430 932 453 ne
971 417 1067 454 alios
1106 417 1261 466 quidem
1296 418 1465 456 Gellium

132 477 342 524 inspexisse
373 476 449 513 nisi
481 476 602 512 oculis
634 476 822 524 magistri.

221 533 511 582 Inquirentibus
545 546 636 571 vero
669 534 795 581 nobis,
834 547 911 571 non
943 534 1081 582 quibus
1113 535 1285 573 fontibus
1318 535 1464 574 Gellius

133 606 222 630 usus
255 593 315 639 sit,
352 592 416 629 sed
449 605 618 640 quonam
650 592 763 629 modo
797 593 886 639 suis,
918 605 1003 641 spes
1035 594 1113 629 iam
1146 594 1288 631 excidit
1319 595 1464 632 similes

132 664 200 688 nos
248 653 395 688 fructus
439 653 620 699 capturos
665 664 744 688 esse
788 652 854 698 iis,
904 664 999 699 quos
1043 652 1201 701 collegit
1242 653 1283 689 in
1327 652 1464 690 Verrio

132 710 411 756 Reitzenstein,
448 710 489 746 in
520 710 648 747 Nonio
687 712 776 758 post
813 710 910 748 alios
942 711 1021 747 iam
1052 709 1234 758 Lindsay.
1296 711 1397 748 Nam
1430 713 1465 749 ei

131 769 316 806 sollemne
353 768 470 805 fuisse
508 768 583 805 duo
622 769 683 805 vel
722 769 797 805 tria
835 781 915 806 sese
949 769 1225 817 subsequentia
1257 771 1388 818 capita
1420 783 1463 807 ex

131 827 265 864 eodem
308 829 465 864 auctore
509 826 706 864 desumere
749 828 810 864 vel
853 827 927 864 duo
973 840 1016 864 ex
1060 827 1193 864 eodem
1234 828 1464 878 deprompta

132 886 247 922 tertio
286 885 442 922 aliunde
480 888 572 922 nato
611 885 831 934 disiungere
868 887 946 922 iam
984 885 1129 922 dudum
1164 888 1363 936 cognitum
1395 891 1462 924 est.

130 945 330 992 Alioquin,
365 947 409 981 ut
439 945 522 992 ipse
554 946 621 991 ait,
653 944 787 981 ordine
818 957 946 981 rerum
978 945 1141 982 fortuito
1174 958 1264 983 usus
1296 958 1375 983 esse
1407 947 1463 982 vi-

130 1002 259 1049 detur3
297 1016 388 1040 nam
426 1015 524 1051 quae
561 1003 627 1039 fila
664 1004 743 1040 iam
782 1006 910 1040 tenere
948 1004 1045 1040 inihi
1077 999 1295 1050 videbar‘2f),
1333 1006 1464 1042 omnia

130 1061 307 1098 manibus
334 1062 466 1110 elapsa
492 1064 594 1107 sunt,
621 1063 664 1098 ut
690 1061 845 1099 umbras
871 1064 1093 1110 persecutus
1119 1063 1192 1099 sim
1218 1075 1286 1110 per
1311 1065 1463 1112 tempus

129 1120 325 1157 interdum
368 1120 472 1156 haud
515 1121 572 1157 ita
609 1120 732 1157 breve.
801 1120 938 1168 Itaque
976 1120 1173 1158 laboribus
1211 1122 1328 1159 cassis
1366 1122 1463 1160 alios

130 1178 345 1227 defatigare
372 1179 472 1216 nolo.
530 1178 659 1215 Vnum
684 1181 839 1216 tantum
865 1179 1033 1227 afferam,
1066 1179 1169 1227 quod
1195 1181 1289 1217 satis
1316 1182 1463 1217 certum

130 1237 225 1274 mihi
258 1237 422 1284 videtur,
455 1250 499 1274 ex
528 1237 742 1275 minoribus
768 1239 1034 1286 grammaticis
1062 1237 1176 1275 Gavii
1201 1238 1314 1276 Bassi
1340 1252 1462 1276 exem-

130 1296 247 1344 plum.
309 1296 566 1344 Explicantur
600 1297 640 1333 in
672 1297 752 1333 eius
786 1296 884 1333 libro
917 1296 962 1333 de
994 1297 1143 1346 origine
1174 1296 1462 1343 vocabulorum,

130 1367 244 1402 quem
282 1354 444 1391 eundem
483 1367 561 1392 esse
600 1357 717 1402 atque
754 1356 1052 1392 commentarios
1084 1354 1143 1391 ΠΙ
1171 1356 1192 1391 9
1233 1357 1271 1392 et
1306 1356 1356 1392 18
1396 1369 1462 1393 110-

130 1414 298 1450 minatos
323 1413 478 1459 Lei-sch,
510 1413 710 1459 Mei-cklin,
742 1413 1011 1451 Kretzschmer
1042 1426 1118 1450 uno
1151 1426 1215 1450 ore
1246 1415 1462 1462 proclama-

129 1473 236 1517 runt,
281 1471 319 1507 Π
352 1473 376 1508 4
409 1473 593 1509 divinatio
636 1471 695 1508 III
728 1468 771 1519 (9
811 1484 928 1517 equus
957 1467 1181 1523 Sci(mus)³)
1230 1473 1279 1509 18
1306 1472 1461 1519 pedarii

133 1531 183 1567 19
205 1542 349 1577 parcus
380 1529 415 1565 V
444 1532 465 1566 7
488 1542 656 1577 persona
686 1530 741 1567 XI
770 1532 819 1567 17
847 1534 986 1567 retare:
1024 1530 1130 1567 vides
1163 1534 1342 1579 excerpta
1373 1530 1460 1568 Gel-

129 1589 233 1625 113113
260 1601 327 1637 per
353 1588 527 1626 ordinem
553 1590 774 1626 litterarum
800 1589 961 1639 digesta,
993 1589 1096 1637 quod
1121 1589 1185 1625 vix
1210 1589 1294 1626 fieri
1319 1591 1460 1638 potuit,

130 1648 204 1684 nisi
226 1647 369 1684 Gavius
390 1647 532 1685 Bassus
559 1660 654 1696 opus
681 1660 793 1684 suum
819 1647 1060 1696 alphabetice
1087 1648 1278 1696 disposuit
1297 1647 1461 1686 Gellius-

129 1718 204 1754 que
242 1706 405 1743 eundem
442 1706 617 1743 ordinem
655 1707 827 1743 retinuit.
896 1707 998 1743 Nam
1035 1707 1142 1744 casui
1179 1709 1247 1743 aut
1284 1708 1460 1744 consulto

224 1832 256 1872 1)
284 1829 352 1863 Cfr.
375 1831 411 1863 et
431 1829 496 1863 Ru.
519 1833 562 1863 58
588 1829 653 1863 Ne.
677 1833 759 1870 251,
781 1833 858 1863 274.

223 1878 256 1919 2)
282 1875 456 1910 Varronis
482 1877 631 1920 quidem
657 1877 770 1919 antiq.
797 1887 863 1910 rer.
891 1876 961 1909 div.
989 1887 1143 1919 quarum
1165 1875 1258 1910 liber
1278 1878 1342 1910 aut
1362 1878 1460 1911 certa

129 1924 192 1956 aut
212 1922 396 1966 probabili
418 1923 626 1957 coniectura
646 1923 789 1957 definiri
808 1924 941 1967 potest,
961 1922 1029 1957 hoc
1049 1923 1175 1957 ordine
1189 1923 1286 1966 apud
1301 1922 1459 1957 Gellium

128 1980 166 2002 se
192 1969 394 2012 excipiunt:
426 1969 539 2003 IV—I
568 1974 626 2012 193
658 1970 820 2004 VIII—II
846 1974 906 2011 28;
940 1969 1118 2003 XIV—XI
1144 1974 1180 2011 6;
1212 1970 1460 2013 XIV(‘?)—XV

128 2019 183 2058 30,
212 2020 247 2057 ἴς
273 2015 487 2050 XIV—XVI
516 2020 556 2050 16
576 2029 627 2060 sq.
677 2016 746 2050 Hic
778 2017 865 2051 ordo
892 2017 1068 2051 librorum
1093 2016 1266 2050 Varronis
1293 2016 1459 2051 Gelliano

127 2063 340 2106 respondet,
373 2064 435 2097 sed
469 2074 555 2097 casu
586 2064 624 2097 id
656 2064 795 2097 factum
827 2065 898 2105 est,
937 2065 1034 2097 certe
1066 2073 1183 2107 neque
1214 2063 1252 2096 111
1284 2065 1358 2097 ant.
1391 2074 1457 2097 rer.

128 2109 224 2143 hum.
252 2120 369 2153 neque
402 2110 438 2143 in
471 2110 677 2154 disciplinis
709 2110 807 2144 idem
838 2110 887 2144 fit.
939 2110 979 2143 In
1011 2110 1109 2152 aliis,
1140 2111 1182 2144 ut
1206 2109 1243 2143 in
1269 2109 1388 2144 Verrii
1414 2111 1458 2144 de

128 2156 290 2190 obscuris
313 2155 470 2198 Catonis,
496 2168 667 2191 numerus
688 2157 937 2201 exemplorum
956 2156 1064 2190 nimis
1085 2157 1236 2201 exiguus
1257 2158 1322 2199 est,
1349 2168 1458 2201 quam

128 2214 198 2246 quo
227 2202 368 2246 aliquid
395 2203 484 2238 certi
510 2203 679 2237 concludi
705 2204 826 2238 liceat.

222 2252 255 2293 3)
281 2249 359 2284 Hoc
391 2260 433 2283 ex
465 2260 614 2284 numero
641 2251 873 2284 eximendum
898 2251 1057 2291 videtur,
1090 2260 1312 2293 quamquam
1338 2250 1458 2284 ordini

127 2296 219 2330 bene
246 2307 282 2330 se
310 2296 453 2332 inserit:
480 2307 566 2330 nam
591 2297 671 2331 fons
699 2297 830 2341 capitis
857 2297 1044 2331 Modestus
1071 2299 1141 2338 est,
1168 2297 1224 2330 vd.
1253 2308 1372 2341 supra.
