1617 2484
140 49 204 83 XII
672 49 941 84 PRAEFATIO

137 161 326 198 silentium
354 162 479 199 deberet
498 173 597 208 puer
622 163 830 207 affirmans
855 162 1028 198 animum
1048 191 1078 199 ..
1100 163 1295 200 euerberat
1315 192 1322 199 .
1342 192 1349 199 .
1370 163 1421 200 ad
1446 175 1475 200 e.

137 223 333 257 v'talronas
364 221 500 266 defert,
532 221 631 266 quod
661 220 861 265 audierat,-
890 222 1124 267 perueniunt
1147 224 1303 268 postera
1334 222 1393 259 die
1424 222 1476 259 ad

136 281 310 316 senatum
342 292 385 315 ex
418 279 547 315 studio
580 279 836 316 obscuritates
869 281 908 316 et
938 279 1122 317 duritiem
1147 280 1317 318 leniendi
1344 282 1474 318 levan-

135 337 251 385 dique
290 337 480 386 originem
518 339 737 385 traxerunt,
776 337 836 374 vd.
868 340 907 375 et
937 338 955 374 Ι
983 340 1019 385 2,
1046 340 1070 375 4
1093 340 1204 387 extit,
1238 340 1273 375 5.
1336 339 1474 388 Itaque

134 409 181 433 ne
207 397 248 433 in
274 397 345 433 hoe
372 396 529 444 quidem
555 409 686 433 omnes
713 396 995 445 discrepantias
1022 397 1156 434 afferre
1182 411 1311 435 meum
1332 399 1473 436 censui.

222 454 402 492 Pluribus
441 455 637 492 'codicibus
669 455 797 492 altera
828 468 918 503 pars
951 457 1121 504 corporis
1154 456 1324 494 Gelliani
1354 458 1474 494 libros

134 513 320 550 IX——XX
358 515 559 551 continens
597 514 745 550 tradita
783 516 857 561 est,
897 516 965 563 qui
1002 515 1109 552 sacili
1147 528 1264 564 opera
1302 517 1342 552 in
1377 516 1473 553 duas

39 583 67 622 γ
133 572 304 610 familias
337 572 643 621 distinguuntur.
701 572 873 616 Quarum
899 575 1039 621 prioris
1067 568 1129 625 (γ)
1155 576 1274 612 testes
1301 576 1391 612 sunt
1416 574 1472 612 hi:

81 625 110 668 Ο
222 630 348 668 Codex
375 632 612 679 Reginensis·
629 632 733 668 inter
758 632 969 669 Vaticanos
998 633 1079 669 597
1108 628 1188 684 (O),
1215 646 1311 671 saec.
1339 634 1390 681 Χ,
1416 635 1472 670 in-

135 691 232 737 cipit
263 690 318 726 IX
348 691 411 736 14,
441 692 462 726 2
498 702 520 726 a
552 690 669 727 verbo
697 692 1000 737 *qrammatzsseam

70 748 121 786 Π
223 748 350 785 Codex
382 749 610 798 Reginensis
647 750 750 786 inter
781 750 992 787 Vaticanos
1028 751 1136 787 1646
1171 745 1256 802 (H)
1293 764 1325 790 a.
1363 752 1473 788 1170

133 808 299 856 scriptus
332 809 430 845 teste
464 820 519 854 eo,
555 808 623 856 qui
656 809 861 846 annotavit
892 821 1031 846 nomen
1064 811 1102 846 et
1134 822 1295 847 annum:
1331 810 1473 848 Willel-

132 878 218 903 sums
247 867 399 913 scripsit
429 878 531 903 armo
563 868 756 904 iwcarnatc'
787 868 893 905 uerbi
924 867 1141 905 MOLXX.

75 921 112 962 X
222 924 348 962 Codex
374 924 671 975 Lugduno-Bat.
699 926 911 964 Vossianus
937 927 1004 964 lat.
1031 927 1061 962 F
1086 929 1165 964 112
1189 922 1275 978 (X),
1302 940 1400 965 saec.
1421 928 1471 975 Χ,

132 984 305 1021 continet
342 984 461 1021 libros
494 985 659 1021 X—XX
697 988 736 1022 et
772 987 875 1022 inter
912 986 981 1022 hos
1018 986 1208 1022 insertum
1242 986 1387 1023 librum
1418 986 1472 1023 IX

131 1045 287 1091 praeter
324 1056 354 1080 c.
391 1045 514 1090 1-2,
550 1045 602 1080 10
639 1044 936 1090 fortissimormn
970 1046 1009 1081 et
1042 1045 1079 1091 8,
1114 1047 1134 1081 1
1169 1046 1276 1081 nasei
1308 1056 1385 1082 non
1418 1067 1471 1070 —

135 1104 199 1148 12,
223 1103 275 1138 10
302 1102 392 1139 dicit
423 1104 461 1139 et
496 1103 560 1149 16,
583 1103 605 1139 6
626 1103 861 1149 postulantis
880 1116 956 1150 eqs.

219 1160 291 1198 His
329 1161 479 1198 accedit
516 1161 742 1209 posterioris
781 1163 921 1199 aetatis
960 1163 1121 1210 quartus
1160 1162 1276 1199 codex
1308 1163 1473 1212 Maglia-

77 1214 111 1257 N
130 1219 361 1257 becchianus
396 1221 477 1257 329
513 1215 595 1272 (N),
628 1232 724 1258 saec.
757 1221 840 1257 XV.
903 1220 977 1264 Qui
1008 1233 1126 1257 manu
1157 1221 1312 1258 Nicolai
1343 1221 1473 1258 Nicoli

129 1279 170 1315 in
203 1278 359 1316 Graecis
398 1279 446 1316 ab
478 1279 686 1317 Ambrosio
719 1279 970 1317 Traversario
1009 1279 1135 1316 adiuti
1169 1282 1349 1317 exaratus
1382 1280 1471 1317 inde

131 1350 154 1374 a
186 1338 256 1374 XX
292 1339 356 1383 10,
391 1338 412 1374 7
453 1338 572 1375 verba
608 1338 722 1375 huius
761 1340 800 1375 et
837 1338 968 1375 ultimi
1006 1339 1145 1386 capitis
1183 1351 1271 1375 cum
1306 1351 1327 1382 ς
1367 1339 1470 1376 solus

129 1396 263 1433 tradit.
319 1396 579 1434 Humanistae
611 1397 717 1434 illius
743 1397 877 1433 manui
903 1398 1123 1434 correctrici
1149 1396 1280 1434 deberi
1305 1398 1471 1445 videtur,

130 1455 233 1503 quod
264 1455 462 1492 interdum
494 1457 710 1493 ceterorum
742 1455 890 1493 mendis
923 1457 1028 1493 caret
1060 1458 1129 1493 aut
1154 1457 1357 1494 concinens
1384 1469 1470 1494 cum

130 1514 255 1551 altera
281 1514 444 1561 familia,
471 1516 515 1551 ut
540 1515 574 1551 X
598 1517 632 1561 1,
656 1516 727 1562 10,
755 1516 820 1561 26,
844 1516 896 1552 10
928 1514 983 1551 XI
1005 1516 1041 1561 3,
1063 1516 1106 1563 3,
1128 1516 1164 1562 5,
1186 1516 1228 1562 43
1253 1516 1316 1562 14,
1341 1518 1359 1551 1
1396 1515 1471 1552 XII

133 1575 168 1619 1,
197 1574 268 1619 20,
302 1574 338 1619 5,
368 1575 409 1621 7,
445 1574 509 1619 13,
538 1574 609 1621 20,
638 1575 687 1610 21
724 1573 819 1609 XIII
845 1574 880 1620 5,
906 1575 949 1621 4,
978 1574 1019 1621 6,
1047 1574 1084 1620 8,
1110 1575 1470 1622 2,10,3,11,3,

135 1632 200 1679 26,
229 1633 266 1678 4,
298 1634 367 1669 aut
398 1631 520 1679 solus,
552 1634 597 1669 ut
628 1632 682 1669 XI
711 1633 746 1678 9,
777 1635 817 1680 1,
848 1634 911 1679 15,
939 1633 961 1668 6
996 1632 1089 1669 XIII
1119 1635 1183 1679 12,
1211 1633 1254 1680 8,
1283 1634 1347 1679 14,
1377 1635 1411 1669 1.

30 1689 60 1727 d·
217 1690 396 1728 Alteram
428 1691 621 1728 familiam
654 1686 721 1743 (d)
755 1691 846 1728 libri
877 1691 919 1728 hi
949 1693 1261 1740 repraesentant:

77 1744 110 1791 Q,
219 1748 346 1786 Codex
377 1750 469 1786 bibl.
496 1751 575 1788 nat.
602 1750 766 1787 Parisin.
795 1751 907 1786 8664
936 1745 1018 1801 (Q),
1045 1763 1141 1788 saec.
1169 1750 1274 1787 XIII.

78 1803 105 1844 Z
216 1808 343 1845 Codex
375 1808 673 1858 Lugduno-Bat.
694 1809 908 1846 Vossianus
935 1809 1002 1847 lat.
1030 1809 1060 1846 F
1089 1811 1110 1845 7
1140 1804 1217 1861 (Z),
1243 1821 1340 1847 saec.
1364 1809 1467 1846 XIV.

76 1861 108 1904 B
219 1866 370 1904 Codicis
397 1861 466 1918 (B)
494 1880 527 1904 a.
558 1868 667 1905 1173
701 1868 838 1916 scripti
863 1869 1095 1917 fragmenta,
1127 1880 1291 1916 quorum
1316 1870 1469 1917 partem

129 1925 303 1963 eontinet
346 1926 464 1963 codex
508 1926 765 1964 bibliothecae
807 1927 1013 1965 Bernensis
1055 1927 1264 1977 insignitus
1308 1939 1468 1964 numero

130 1985 213 2022 404
258 1984 440 2021 exhibens
479 1984 596 2022 Gellii
632 1985 824 2022 IX—-XII
859 1987 923 2032 10,
958 1986 980 2023 3
1024 1997 1101 2023 esse
1130 1986 1272 2032 potuit,
1315 1985 1468 2033 reliqua

130 2143 201 2177 lius
226 2141 402 2176 Classical
430 2142 576 2177 Studies
602 2143 640 2176 in
666 2143 816 2177 Honour
843 2143 883 2178 of
901 2143 1086 2185 HDrisler,
1112 2143 1467 2187 Newyork-London

131 2192 220 2223 1894
239 2201 274 2233 p.
298 2192 380 2230 1263
407 2190 464 2222 vd.
486 2191 523 2223 et
542 2190 661 2223 Amer.
682 2190 836 2224 Journal
856 2190 897 2225 of
907 2191 999 2224 Phil.
1016 2190 1098 2224 XIV
1112 2192 1230 2234 (1893)
1244 2202 1279 2234 p.
1296 2194 1362 2224 216
1383 2190 1467 2224 XVI

129 2238 247 2327 ἓξὲξ
273 2239 379 2316 {5152
406 2236 666 2271 Transactions
693 2237 734 2271 of
754 2238 817 2271 the
844 2238 962 2271 Amen
990 2237 1082 2271 Phil.
1110 2236 1341 2271 Association
1366 2236 1467 2270 XXV
