1618 2449
177 39 227 73 VI
711 39 982 75 PRAEFATIO

179 154 380 202 scriptoris
407 166 483 190 non
510 154 600 190 ante
626 153 823 189 saeculum
846 148 1030 201 XIVJXV
1055 153 1096 189 in
1122 167 1241 190 unum
1268 165 1406 201 corpus
1431 153 1515 190 red-

178 213 308 259 ierint,
340 212 385 248 de
417 214 583 260 utraque
614 212 726 260 parte
759 212 971 258 separatim
1002 211 1112 249 nobis
1145 212 1350 249 dicendum
1383 214 1450 250 est.

266 271 323 308 Ac
360 271 529 320 primum
567 269 722 318 quidem
761 271 806 305 ut
843 269 891 305 ad
922 271 1092 317 priorem
1123 273 1275 319 partem
1307 273 1516 320 vertamus,

177 330 216 366 in
252 329 362 366 libris
394 323 592 380 I—VH1)
625 340 687 365 ars
720 328 856 365 critica
887 328 1011 365 tribus
1042 329 1249 378 praecipue
1280 330 1516 369 membranis

177 389 328 435 nititur,
361 387 500 435 quibus
534 387 722 424 accedunt
754 399 926 424 summae
958 388 996 424 et
1028 389 1167 425 aetatis
1200 390 1238 426 et
1271 390 1515 427 auctoritatis

178 448 295 484 codex
329 448 502 494 quartus,
535 446 600 483 sed
632 446 784 490 laciniis
816 447 971 482 tantum
1003 447 1190 494 servatus,
1222 449 1260 484 et
1286 448 1445 496 quintus
1472 462 1516 486 ex

179 505 375 543 Carrionis
402 505 480 542 fere
507 505 625 542 solius
653 505 861 541 collatione
886 499 1050 557 notus.²’)
1101 504 1202 542 Sunt
1224 518 1315 543 vero
1341 507 1401 543 illi
1419 508 1517 544 tres:

126 560 157 602 P
267 563 393 602 Codex
412 563 503 600 bibl.
524 565 603 600 nat.
624 563 787 600 Parisin.
811 564 921 600 5765
941 558 1020 616 (P),
1041 576 1137 601 saec.
1153 564 1260 611 XIII,
1281 566 1349 613 qui
1369 566 1518 603 omittit

178 624 195 659 I
219 625 342 669 1—2,
366 624 418 660 10
452 624 490 659 et
522 622 664 659 desinit
696 621 772 658 VII
794 623 830 668 4,
853 623 875 659 3
908 623 950 659 in
981 622 1108 660 verbis
1139 625 1235 660 ictus
1265 624 1365 661 solis.

268 681 394 719 Codex
426 680 725 730 Lugduno-Bat.
757 680 1025 718 Gronovianus
1060 683 1126 729 21,
1159 682 1251 719 olim
1283 683 1516 720 Rottendor-

121 736 158 778 R
178 740 302 778 fianus
339 735 431 791 (R),
469 740 589 777 variis
626 740 805 777 manibus
844 741 1029 789 scriptus,
1066 741 1261 789 plerisque
1300 753 1396 779 saec.
1430 742 1517 789 XII,

177 800 321 836 desinit
352 799 408 835 VI
431 800 496 845 20,
519 799 553 835 6.
617 798 821 836 Lemmata
852 799 1001 836 desunt.

118 855 155 896 V
267 858 393 895 Codex
423 857 638 895 Vaticanus
666 859 777 896 3452
800 852 886 910 (V),
913 870 1008 896 saec.
1036 858 1143 905 XIII,
1168 860 1357 907 incipiens
1385 859 1431 896 ab
1458 861 1517 896 111-

176 917 259 954 dice
292 917 554 966 capitulorum
586 918 729 954 omissa
759 917 1013 965 praefatione.

264 976 345 1014 Hos
380 975 499 1013 libros
532 988 576 1012 ex
609 976 742 1013 eodeni
775 976 986 1025 archetypo
1018 975 1172 1013 fluxisse
1205 977 1301 1013 satis
1333 977 1517 1014 evincunt

177 1035 334 1072 eaedem
362 1035 537 1082 lacunae,
570 1048 657 1072 cum
689 1035 707 1071 I
735 1036 771 1082 4,
799 1036 841 1082 3,
870 1036 935 1081 22,
964 1035 986 1071 5
1020 1034 1060 1070 II
1087 1035 1123 1082 6,
1147 1036 1217 1083 12,
1245 1037 1311 1082 20,
1333 1037 1375 1083 23
1403 1037 1469 1083 21,
1491 1037 1514 1073 3

175 1094 234 1131 III
258 1095 323 1141 13,
345 1095 367 1131 3
401 1094 457 1130 IV
481 1096 516 1141 1,
540 1095 610 1141 123
640 1094 704 1140 15,
727 1095 749 1131 3
783 1093 840 1130 VI
861 1095 897 1140 9,
921 1095 970 1130 17
995 1094 1043 1130 al.
1075 1095 1160 1131 tum
1192 1094 1331 1143 capitis
1357 1094 1376 1130 I
1398 1096 1420 1131 2
1455 1107 1516 1132 ex-

176 1154 303 1190 euntis
330 1155 369 1190 et
393 1154 564 1190 ineuntis
592 1154 628 1199 3,
661 1153 795 1190 eadem
821 1152 1090 1189 additamenta
1116 1165 1298 1201 perversa
1322 1153 1382 1190 III
1404 1155 1468 1201 17,
1491 1154 1514 1191 5

174 1212 209 1248 V
240 1212 304 1260 18,
332 1213 354 1249 9
389 1211 445 1248 VI
473 1213 509 1258 9,
540 1213 604 1259 17,
631 1212 764 1248 eadem
790 1211 932 1248 menda
957 1211 975 1248 I
997 1212 1032 1258 3,
1057 1212 1127 1259 19,
1155 1213 1228 1260 24,
1255 1213 1328 1260 25,
1350 1212 1421 1259 28,
1444 1214 1515 1260 29,

178 1272 213 1318 7,
241 1272 376 1319 1313,
406 1272 458 1308 10
490 1270 529 1307 Π
551 1271 588 1318 6,
610 1272 775 1318 20314,
798 1272 820 1307 2
854 1270 913 1306 ΠΙ
936 1271 1001 1316 17,
1023 1271 1045 1306 5
1080 1270 1135 1306 IV
1160 1273 1222 1319 11,
1245 1271 1288 1319 3,
1316 1272 1381 1317 14,
1404 1272 1426 1308 3
1449 1272 1515 1319 al.3

176 1343 263 1367 eum
289 1330 408 1367 fuisse
435 1329 729 1367 cohaerentibus
754 1329 898 1366 litteris
924 1331 1126 1366 exaratum
1151 1330 1276 1377 iisque
1296 1330 1514 1367 uncialibus

175 1389 316 1426 docent
340 1388 459 1426 verba
483 1388 585 1425 male
611 1388 808 1435 distincta,
833 1390 878 1425 ut
904 1388 921 1424 I
943 1389 980 1436 3,
1003 1390 1043 1435 9,
1072 1389 1144 1436 30,
1174 1391 1238 1436 11,
1262 1389 1331 1436 12,
1356 1390 1418 1436 12,
1444 1390 1515 1436 14,

178 1442 452 1499 15,1<R)11
474 1448 633 1494 18,10;
661 1448 791 1494 24,7;
820 1448 957 1493 126,11
990 1446 1050 1483 ΙΠ
1073 1448 1138 1494 14,
1161 1448 1232 1494 203
1262 1448 1327 1494 18,
1349 1447 1372 1484 5
1399 1447 1455 1484 IV
1477 1450 1513 1494 2,

179 1510 227 1544 11
263 1506 320 1543 VI
348 1508 384 1553 3,
413 1507 450 1553 6,
485 1508 524 1543 et
555 1506 710 1543 litterae
743 1507 1003 1543 commutatae
1034 1505 1072 1542 A
1105 1508 1143 1542 et
1173 1505 1213 1542 B
1244 1506 1263 1542 Ι
1291 1508 1327 1553 3,
1356 1507 1407 1543 23
1441 1518 1514 1544 sua

174 1566 313 1612 cimela,
345 1565 384 1602 B
409 1567 448 1602 et
475 1565 513 1601 R
538 1565 556 1601 I
579 1566 615 1612 3,
637 1566 688 1602 27
709 1565 970 1611 permissoque
1001 1564 1060 1601 III
1083 1565 1147 1612 16,
1170 1565 1223 1602 20
1248 1566 1386 1611 sepiem,
1417 1565 1453 1601 P
1476 1567 1514 1602 et

174 1625 214 1661 F
236 1624 254 1660 I
282 1626 319 1671 3,
347 1624 398 1660 28
425 1636 498 1671 per
521 1636 579 1661 me
615 1626 649 1671 7,
678 1625 730 1661 20
762 1625 1085 1671 Ἰιἠλοειῃι)θσὺῖη.<3(]αε
1116 1623 1154 1660 II
1182 1624 1205 1659 8
1235 1624 1363 1660 lemm.
1382 1626 1513 1672 pacta,

173 1684 211 1720 P
231 1684 270 1721 et
299 1684 327 1720 Ί
354 1683 411 1719 VI
433 1685 498 1730 11,
522 1684 546 1719 4
566 1686 812 1730 perpoparct,
844 1683 882 1719 B
909 1684 947 1719 et
972 1683 1010 1719 R
1033 1683 1178 1720 heberet
1203 1677 1287 1733 (R).

263 1741 435 1786 Quorum
466 1743 627 1779 testium
659 1754 736 1779 non
769 1742 835 1789 qui
867 1742 1174 1790 antiquissimus,
1206 1741 1310 1778 idem
1343 1741 1513 1789 optimus

272 1904 303 1946 1)
337 1901 529 1945 Super-iore
568 1911 656 1935 aevo
691 1901 792 1944 prius
825 1900 994 1935 volumen
1026 1899 1255 1944 complexum
1288 1911 1366 1934 esse
1397 1899 1512 1933 libros

174 1948 287 1982 I—-IX
320 1959 362 1982 ex
394 1948 664 1991 subscriptione
690 1947 832 1981 Aurelii
858 1947 1006 1981 Romuli
1033 1947 1102 1990 (vd.
1130 1946 1226 1981 infra
1251 1959 1286 1991 p.
1309 1948 1389 1989 336)
1415 1946 1509 1980 libro

175 2007 270 2030 nono
304 1995 470 2029 subiecta
501 2006 565 2029 suo
598 1995 677 2029 iure
703 1994 813 2028 Hertz
839 2007 874 2039 p.
901 1994 1081 2028 LXXXIV
1108 1993 1329 2028 conclusisse
1353 1993 1510 2035 videtur,

175 2042 547 2123 quamvtisssquomodo
568 2043 655 2075 tunc
675 2041 814 2076 factum
834 2042 893 2085 sit,
918 2043 961 2075 ut
979 2041 1074 2076 liber
1093 2043 1241 2075 octavus
1262 2039 1511 2083 intercideret,

198 2102 234 2123 ix
275 2102 298 2123 n
319 2100 337 2123 e
370 2100 531 2123 efflamus.

175 2102 195 2124 V
260 2103 303 2180 12)
329 2118 598 2170 Deocodicibus
625 2135 706 2169 aliis
733 2136 789 2169 vd.
812 2136 1000 2177 Manitius,
1026 2135 1301 2179 Philoloyisches
1326 2145 1393 2168 aces
1415 2135 1511 2168 alten

176 2184 506 2219 Bibliothekskatal.
528 2183 619 2216 Mus.
635 2183 749 2216 Rhen.
766 2182 896 2216 XLVII
910 2185 1026 2226 (1892)
1049 2181 1166 2225 suppl.
1182 2193 1216 2224 p.
1234 2184 1293 2221 723
1314 2180 1355 2214 R.
1372 2181 1511 2215 Sabba-

176 2231 266 2274 dini,
291 2232 400 2265 Della
426 2231 610 2265 biblioteca
635 2231 675 2264 ἀί
699 2230 885 2264 Giovcmm'
907 2230 1062 2270 Coo-vim,
1088 2228 1144 2262 vd.
1168 2227 1308 2271 Stangl,
1330 2227 1511 2262 Wochen-

176 2278 266 2312 sehr.
289 2278 312 2311 f.
333 2277 381 2311 kl.
402 2277 495 2311 Phil.
517 2276 567 2310 HI
587 2278 705 2320 (1886)
725 2289 758 2320 p.
783 2279 871 2310 1265
