1602 2484
508 72 743 106 ‹nxrrrvm
772 72 856 105 Lm.
884 71 925 106 H.
955 72 1001 104 ιη
1036 50 1044 59 '
1378 70 1419 108 11

80 182 206 236 sophi
235 182 283 223 dc
311 181 533 237 generibus
558 181 747 221 colorum
771 179 1069 233 vocabulisque
1090 193 1235 218 eorum
1258 176 1425 217 Graecis

79 245 121 283 ct
155 241 334 293 Latinis3
367 244 491 294 atque
525 240 629 280 inibi
663 239 779 279 color
812 238 989 293 ‘spadix'
1025 236 1259 277 cuiusmodi
1294 237 1359 276 sit.

168 299 329 340 XXVII
364 299 473 348 Quid
494 298 538 339 T.
562 298 789 339 Castricius
813 296 1066 338 existimarit
1087 310 1212 349 super
1233 295 1424 336 Sallustii

78 359 215 400 verbis
267 361 307 399 ct
352 357 668 410 Demosthenis,
719 357 872 410 quibus
917 357 1023 397 alter
1067 355 1314 408 Philippum
1360 354 1425 394 de-

82 419 264 471 scripsit,
298 419 403 458 alter
436 416 680 458 Sertorium.

169 475 351 517 XXVIII
383 475 482 517 Non
509 490 599 516 esse
626 477 902 528 compertum,
930 475 996 514 cui
1025 474 1101 514 deo
1129 488 1215 513 rem
1238 472 1424 512 divinam

24 565 25 570 ,
79 537 172 577 fieri
207 538 410 589 oporteat,
444 550 538 576 cuni
573 538 683 575 terra
716 537 868 574 movet.

166 594 308 635 XXIX
358 593 580 647 Apologus
627 592 783 646 Aesopi
829 593 1012 646 Phrygis
1058 592 1295 631 memoratu
1340 604 1425 630 uon

79 654 253 694 inutilis,

168 712 286 753 XXX
331 712 441 761 Quid
485 712 751 752 observatum
800 711 855 751 sit
899 710 941 750 in
980 709 1187 749 undarum
1228 708 1428 760 motibus,

77 786 185 826 quae
217 773 260 812 in
294 772 399 811 mari
432 771 514 812 alio
549 774 674 824 atque
706 769 789 810 alio
821 769 945 809 modo
974 770 1083 809 fiunt
1109 768 1262 808 austris
1290 767 1427 807 flanti-

78 831 159 871 bus
191 830 556 884 aquilonibusque.

367 973 681 1019 CAPITVLA
720 971 892 1018 LIBRI
928 970 1145 1016 TERTH

166 1065 184 1106 I
230 1065 477 1114 Quaesitum
522 1068 647 1118 atque
693 1067 936 1116 tractatum,
981 1077 1107 1116 quam
1154 1062 1206 1102 ob
1251 1076 1421 1102 causam

78 1125 305 1166 Sallustius
337 1125 557 1165 avaritiam
588 1124 741 1164 dixerit
766 1138 851 1163 non
879 1123 1067 1163 animum
1093 1121 1219 1161 modo
1250 1120 1423 1170 virilem,

83 1184 157 1225 sed
189 1198 340 1237 corpus
374 1198 540 1237 quoque
574 1183 712 1236 ipsum
746 1182 997 1222 effeminare.

167 1241 207 1283 H
242 1242 475 1291 Quemnam
502 1256 591 1282 esse
618 1242 800 1282 natalem
829 1241 938 1281 diem
963 1240 1018 1280 M.
1040 1238 1175 1279 Varro
1202 1239 1325 1290 dicat,
1353 1239 1425 1291 qui

76 1305 175 1343 ante
206 1302 343 1342 noctis
376 1302 522 1341 horam
554 1304 714 1341 sextam
740 1303 887 1353 postve
916 1314 1006 1339 eam
1033 1298 1121 1338 nati
1150 1300 1268 1351 sunt3
1301 1300 1427 1349 atque

80 1361 184 1401 inibi
229 1361 278 1401 de
323 1360 585 1414 temporibus
623 1359 900 1412 terminisque
939 1358 1118 1409 dierum,
1163 1357 1236 1410 qui
1280 1356 1425 1396 civiles

77 1420 353 1460 nominantur
378 1422 419 1459 et
444 1433 747 1473 usquequaque
773 1418 964 1472 gentium
991 1417 1106 1456 varie
1131 1415 1426 1467 observantur3

79 1481 121 1519 et
146 1481 361 1532 praeterea
388 1478 490 1531 quid
511 1477 556 1527 Q.
578 1477 743 1518 Mucius
771 1477 987 1530 scripserit
1013 1489 1140 1528 super
1167 1489 1213 1515 ea
1241 1474 1428 1527 muliere,

79 1552 187 1591 quae
220 1552 243 1578 a
271 1537 423 1578 marito
450 1552 536 1578 non
562 1537 651 1577 iure
679 1550 721 1577 se
747 1536 1047 1589 usui-pavisset,
1080 1534 1193 1587 quod
1218 1534 1427 1574 rationem

79 1596 219 1637 civilis
253 1597 351 1636 anni
382 1610 468 1636 non
499 1595 706 1636 habuerit.

168 1653 230 1695 IH
269 1654 332 1695 De
369 1655 591 1695 noscendis
625 1653 977 1707 explorandisque
1010 1652 1153 1692 Plauti
1185 1650 1428 1703 comoediis,

80 1715 283 1768 quoniam
320 1714 530 1767 promisce
567 1727 691 1753 verae
722 1715 848 1766 atque
880 1712 1011 1752 falsae
1042 1711 1213 1751 nomine
1246 1710 1335 1749 eius
1368 1710 1429 1749 in-

79 1774 262 1826 scriptae
286 1773 496 1825 feruntur3
529 1775 654 1825 atque
680 1771 798 1823 inibi,
832 1770 946 1824 quod
970 1769 1147 1810 Plautus
1175 1771 1216 1809 et
1240 1767 1427 1809 Naevius

82 1832 125 1872 in
159 1846 323 1873 carcere
354 1832 520 1872 fabulas
553 1831 844 1884 scriptitarint.

168 1889 230 1931 IV
269 1889 391 1939 Quod
422 1889 466 1930 P.
493 1889 696 1930 Africano
736 1891 777 1929 et
816 1888 910 1929 aliis
943 1891 1045 1929 tunc
1076 1886 1179 1927 viris
1210 1886 1426 1926 nobilibus

80 1951 178 1990 ante
223 1951 402 1990 aetatem
445 1950 656 1989 senectam
693 1947 869 1989 barbam
908 1950 949 1987 et
987 1961 1115 2002 genas
1152 1946 1296 1986 radere
1335 1959 1427 1985 mos

80 2009 248 2062 patrius
279 2009 372 2048 fuit.

170 2066 210 2107 V
247 2066 505 2107 Deliciarum
537 2066 689 2106 vitium
722 2068 764 2106 et
796 2064 996 2106 mollities
1027 2063 1246 2104 oculorum
1271 2065 1312 2103 et
1339 2076 1426 2103 cor-

82 2126 199 2179 poris
226 2126 277 2166 ab
305 2124 496 2166 Arcesila
521 2124 776 2179 philosopho
804 2123 969 2164 cuidam
997 2123 1254 2176 obprobrata
1280 2121 1427 2162 acerbe

81 2184 211 2225 simul
243 2187 285 2225 et
315 2184 537 2225 festiviter.

169 2242 231 2284 VI
262 2243 326 2284 De
350 2243 394 2284 vi
419 2245 546 2296 atque
569 2245 721 2283 natura
741 2240 906 2295 palmae
926 2241 1102 2293 arboris,
1130 2239 1242 2293 quod
1261 2239 1428 2294 lignum

84 2316 134 2342 ex
167 2316 214 2342 ea
246 2301 505 2356 ponderibus
538 2301 689 2355 positis
720 2300 939 2341 renitatur.
