1617 2484
50 708 82 733 10

49 1000 81 1025 15

48 1294 81 1318 20

48 1586 81 1611 25

46 1878 82 1904 30

726 52 771 85 lx
802 56 820 85 ‘2
1360 50 1441 89 311

105 164 239 216 baque
283 176 415 216 prope
458 161 509 202 ad
551 161 705 215 pubem
744 174 877 212 usque
916 161 1108 212 porrecta
1146 172 1194 199 ac
1231 158 1338 212 petit
1376 172 1444 198 aes

106 223 183 263 sibi
222 221 311 261 dari
349 222 408 269 εἰς
447 220 618 274 ἄρτους.
680 217 788 258 Tum
822 217 1011 258 Herodes
1046 218 1296 271 interrogat,
1335 217 1445 270 quie

106 295 199 321 nam
244 282 362 321 esset.
431 278 573 332 Atque
618 279 688 318 ille
730 277 849 316 vultu
889 277 1115 329 sonituque
1153 276 1268 316 vocis
1308 275 1446 315 obiur-

106 338 267 393 gatorio
307 337 609 391 philosophum
649 350 738 376 sese
774 349 862 376 esse
895 335 996 375 dicit
1028 337 1069 375 et
1101 335 1244 375 mirari
1277 347 1445 386 quoque

104 398 227 449 addit,
260 410 334 437 cur
366 396 649 449 quaerendum
677 396 878 448 putasset,
911 394 1023 446 quod
1050 393 1219 434 videret.
1278 391 1443 432 ‘Video’

106 456 241 509 inquit
260 454 485 495 Herodes
514 454 702 494 ‘barbam
731 455 772 493 et
797 453 986 505 pallium,
1013 451 1316 505 philosophum
1344 465 1445 491 non*

105 515 202 555 dum
241 514 373 554 video.
437 512 599 561 Quaeso
636 514 775 552 autem
809 513 867 563 te,
906 525 999 550 cum
1036 511 1144 550 bona
1177 511 1298 550 venia
1331 510 1444 549 dicas

104 572 224 625 mihi,
263 573 416 625 quibus
454 586 530 612 nos
568 571 631 611 uti
669 584 792 623 posse
830 570 1090 623 argumentis
1127 569 1360 620 existimas,
1398 570 1446 608 ut

103 646 192 672 esse
223 634 265 671 te
296 630 599 684 philosophum
633 628 933 669 noscitemus‘?⁷
992 627 1166 668 Interim
1200 628 1363 679 aliquot
1395 641 1445 667 ex

102 690 184 743 his,
217 690 289 743 qui
326 703 420 729 cum
453 688 650 728 Herode
683 690 817 739 erant,
850 687 1074 727 erraticum
1107 701 1197 726 esse
1228 686 1443 726 hominem

103 748 238 789 dicere
276 751 318 788 et
348 748 456 788 nulli
487 748 547 788 rei
580 747 847 799 incolamque
880 759 970 785 esse
1002 745 1262 785 sordentium
1296 758 1445 797 ganea-

101 822 212 859 rum,
250 806 331 847 nisi
363 806 560 859 accipiat,
599 805 712 858 quod
744 804 867 858 petit,
901 803 1091 844 convicio
1124 803 1239 856 turpi
1272 804 1444 843 solitum

101 866 324 917 incessere3
369 867 495 918 atque
538 864 598 904 ibi
636 862 879 904 Herodes:
925 863 1101 902 ‘demus'
1148 862 1287 915 inquit
1332 861 1446 901 ‘huic

101 924 261 977 ahquid
293 924 417 976 aeris,
457 922 711 963 cuicuimodi
744 924 824 973 est,
861 924 1078 974 tamquam
1110 920 1322 971 homines,
1360 933 1446 959 non

101 986 317 1037 tamquam
349 982 541 1034 homini',
573 984 615 1022 et
646 981 768 1021 iussit
798 980 886 1020 dari
913 980 1095 1033 pretium
1123 980 1243 1032 panis
1270 979 1445 1033 triginta

101 1042 273 1082 dierum.

189 1099 297 1140 'Tum
336 1114 413 1140 nos
445 1099 671 1152 aspiciens,
710 1099 782 1151 qui
815 1112 910 1137 eum
943 1097 1225 1137 sectabamur:
1266 1095 1444 1136 ‘Muso-

101 1159 228 1199 nius'
257 1158 313 1211 (p.
334 1161 419 1199 271
440 1157 531 1210 Pe.)
564 1157 702 1209 inquit
736 1156 987 1196 ‘aeruscanti
1020 1156 1203 1208 cuipiam
1238 1155 1279 1194 id
1313 1168 1445 1209 genus

102 1220 143 1258 et
180 1217 484 1271 philosophum
520 1231 609 1257 sese
643 1215 872 1256 ostentanti
904 1214 993 1254 dari
1025 1214 1148 1254 iussit
1180 1213 1295 1254 mille
1328 1227 1446 1253 num-

101 1291 230 1328 mum,
262 1278 304 1316 et
336 1289 430 1316 cum
463 1275 653 1328 plerique
686 1274 872 1314 dicerent
904 1273 1157 1313 nebulonem
1191 1286 1280 1312 esse
1312 1271 1447 1312 homi-

102 1349 198 1375 nem
237 1335 395 1375 malum
434 1337 476 1374 et
514 1333 773 1374 malitiosum
812 1334 853 1373 et
890 1332 1006 1371 nulla
1038 1346 1082 1371 re
1114 1331 1226 1371 bona
1259 1331 1446 1385 dignum,

101 1396 192 1434 tum
230 1392 474 1433 Musonium
513 1391 799 1432 subridentem
839 1390 993 1430 dixisse
1031 1390 1165 1429 aiunt:
1208 1388 1325 1438 ἄξιος
1364 1385 1446 1429 οὖν

102 1451 220 1492 ἐστιν
246 1451 472 1504 ἀργυρίου.
531 1449 613 1491 Sed
637 1449 719 1490 hoc
744 1450 901 1503 potius’
929 1448 1068 1501 inquit
1096 1448 1248 1488 ‘dolori
1274 1447 1378 1487 mihi
1405 1449 1446 1487 et

101 1510 356 1565 aegritudini
388 1512 462 1563 est,
495 1509 608 1562 quod
640 1508 879 1549 istiusmodi
911 1507 1109 1547 animalia
1142 1519 1293 1559 spurca
1319 1508 1445 1558 atque

101 1568 256 1623 probra
305 1582 461 1609 nomen
506 1569 714 1620 usurpant
758 1566 1070 1607 sanctissimum
1116 1567 1156 1604 et
1200 1563 1446 1617 philosophi

1485 228 1504 257 N.)

1485 1460 1504 1487 i)

101 1627 379 1681 appellantur.
442 1626 622 1667 Maiores
661 1628 801 1665 autem
840 1625 923 1665 mei
954 1622 1235 1664 Athenienses
1275 1623 1445 1663 nomina
1462 1633 1506 1663 10

101 1686 301 1726 iuvenum
333 1685 662 1726 fortissimorum
694 1683 917 1724 Harmodii
949 1685 991 1722 et
1022 1681 1340 1735 Aristogitonis,
1373 1681 1446 1734 qui

100 1744 309 1785 libertatis
340 1743 649 1797 recuperandae
676 1743 811 1796 gratia
837 1741 1041 1794 Hippiam
1067 1743 1294 1793 tyrannum
1321 1740 1443 1780 inter-

101 1803 226 1843 ficere
263 1802 403 1842 adorsi
441 1804 575 1854 erant,
613 1815 664 1841 ne
702 1814 905 1853 umquam
944 1799 1073 1839 servis
1112 1798 1254 1838 indere
1288 1797 1445 1850 liceret,

102 1861 268 1902 decreto
319 1860 491 1913 publico
543 1861 788 1911 sanxerunt,
839 1858 1039 1910 quoniam
1084 1856 1201 1897 nefas
1246 1857 1446 1897 ducerent

100 1919 273 1960 nomina
304 1918 492 1959 libertati
524 1918 683 1971 patriae
716 1918 865 1957 devota
898 1916 1039 1956 servili
1073 1915 1270 1969 contagio
1297 1915 1444 1968 pollui.

197 2038 216 2067 3
243 2035 362 2068 Amm.
383 2033 466 2066 XIV
488 2036 518 2075 7,
541 2036 582 2066 12
610 2032 726 2065 XVIII
747 2036 778 2073 8,
800 2035 819 2065 5
845 2030 980 2065 XXVII
1002 2035 1031 2073 1,
1053 2034 1072 2063 5
1220 2033 1261 2063 13
1291 2029 1444 2064 Aristot.

102 2081 203 2125 apud
222 2080 327 2125 Diog.
349 2080 387 2113 L.
408 2079 441 2113 V
464 2084 493 2122 1,
517 2083 557 2113 11
580 2081 651 2122 (21)
796 2081 838 2112 26
855 2089 932 2122 sqq.
960 2077 1087 2111 Liban.
1108 2077 1158 2110 111
1176 2089 1210 2120 p.
1234 2080 1288 2119 25,
1313 2081 1329 2110 1
1345 2077 1386 2110 R.

197 2190 216 2220 6
242 2196 315 2220 non
338 2188 383 2220 H
397 2187 408 2229 ss
429 2189 448 2218 9
474 2185 559 2230 Int]
581 2187 608 2222 Q,
632 2184 784 2218 interibi
806 2197 832 2216 ω
852 2185 863 2227 ΙΙ
884 2187 924 2216 11
952 2182 1089 2216 nullius
1110 2182 1190 2220 BQ.2
1208 2183 1219 2226 11
1241 2186 1282 2215 12
1308 2182 1396 2227 nisi]
1419 2185 1445 2218 Q,

103 2243 145 2267 ac
168 2233 240 2266 nisi
260 2246 287 2266 ω
310 2233 314 2278 Ι
337 2234 442 2277 petat
460 2243 485 2266 s.
508 2231 659 2275 petierit
677 2231 734 2266 Sk.
755 2232 766 2274 ll
789 2234 829 2264 17
858 2231 1069 2265 sectabatur
1089 2233 1116 2267 Q
1134 2231 1146 2273 Η
1165 2233 1208 2263 30
1229 2240 1339 2273 quom
1360 2230 1446 2272 (fere

101 2281 249 2324 semper)
268 2283 299 2312 N
318 2281 329 2323 ΙΙ
349 2283 392 2312 31
413 2279 587 2313 libertate
611 2278 735 2322 patria
757 2279 802 2311 Π
