1611 2474
174 58 256 98 ⁶208
735 57 784 91 IV
811 61 869 99 193
897 61 940 91 20

137 166 263 206 :zfieri
294 166 516 218 minusque
548 164 793 205 adolescere.
851 164 965 205 Idem
998 165 1186 218 plerique
1217 165 1289 205 alii
1319 165 1498 205 medico-

172 239 266 264 rum
305 223 738 277 philosophorumque
775 225 815 263 et
846 222 899 262 M.
928 222 1085 263 Varro
1123 224 1166 264 in
1197 223 1497 278 logistorico

174 283 357 336 scripsit,
407 282 479 334 qui
528 282 753 334 inscriptus
798 284 860 321 est
904 280 1054 322 Catus
1097 284 1179 322 aut
1224 282 1279 321 de
1322 281 1498 322 liberis

173 340 442 381 educandis
476 340 543 392 (fr.
564 343 618 380 17
632 339 713 389 R).

800 444 878 484 XX
1538 460 1552 485 5

174 526 302 560 Notati
329 537 350 559 a
376 526 596 567 censoribus,
624 525 687 568 qui
711 525 945 558 audientibus
965 525 1010 558 iis
1032 525 1200 558 dixerant
1218 525 1299 558 ioca
1319 525 1501 569 quaedam

221 573 544 615 intempestiviten
583 583 625 605 ac
661 572 705 605 de
737 572 814 605 eius
846 583 990 615 quoque
1021 573 1108 605 nota
1139 572 1398 615 deliberatum,
1436 573 1500 615 qui

222 621 374 653 steterat
399 619 492 653 forte
518 619 615 663 apud
642 630 701 652 eos
728 619 998 652 oscitabundus.

143 714 157 743 1
263 703 377 744 Inter
420 717 638 743 censorum
682 703 923 743 severitates
966 703 1046 742 tria
1089 702 1191 743 haec
1231 702 1421 756 exempla
1457 703 1502 742 in

141 774 160 802 2
176 763 328 803 litteris
362 764 458 802 sunt
490 761 835 816 castigatissimae
862 762 1114 814 disciplinae.
1171 760 1313 801 Vnum
1339 763 1402 801 est
1426 760 1500 801 hu·
1521 777 1553 800 10

141 821 421 861 3iuscemodi:
458 819 614 860 Censor
645 820 796 874 agebat
828 821 877 860 de
908 819 1109 860 uxoribus
1143 818 1343 860 sollemne
1374 820 1500 859 iusiu-

176 880 370 932 randum3
408 878 533 919 verba
572 883 688 918 erant
725 879 784 918 ita
822 881 1039 931 concepta:
1077 878 1142 918 Vt
1179 880 1230 918 tu
1263 892 1318 918 ex
1350 878 1501 918 animi

178 939 252 978 tui
291 938 543 978 sententia
574 951 775 977 uxorem
806 936 988 977 habes?
1050 936 1130 984 Qui
1162 936 1342 988 iurabat,
1380 937 1501 976 cavil-

113 1041 117 1044 ,
176 998 285 1037 lator
329 997 498 1049 quidam
543 998 584 1036 et
628 996 815 1037 canicula
859 998 900 1035 et
942 995 1066 1035 nimis
1110 995 1373 1035 ridicularius
1410 995 1500 1035 fuit.

142 1055 216 1095 4Is
247 1055 387 1095 locum
420 1069 507 1095 esse
539 1054 619 1094 sibi
645 1054 725 1094 ioci
752 1054 919 1094 dicundi
945 1056 1072 1106 ratus,
1104 1068 1197 1094 cum
1224 1053 1293 1106 ita,
1323 1053 1386 1093 uti
1411 1067 1502 1093 mos
1523 1071 1554 1095 15

179 1116 283 1167 erat7
329 1127 474 1153 censor
518 1113 691 1153 dixisset
735 1112 797 1152 ‘ut
840 1115 885 1152 tu
930 1127 979 1152 ex
1023 1113 1152 1152 animi
1196 1112 1258 1152 tui
1298 1112 1502 1152 sententia

143 1183 351 1212 buxorem
383 1171 569 1225 habes?⁷,
608 1171 757 1211 ‘habeo
790 1171 996 1223 equidem'
1028 1170 1166 1223 inquit
1198 1171 1397 1223 ‘uxorem,
1433 1170 1503 1210 sed

144 1242 163 1270 <5
179 1245 264 1271 non
294 1230 432 1270 hercle
461 1245 512 1271 ex
538 1230 668 1270 animi
694 1230 774 1269 mei
802 1229 1032 1269 sententia.’
1088 1229 1195 1269 Tum
1227 1243 1372 1269 censor
1397 1244 1503 1282 eum,

180 1290 293 1343 quod
324 1289 616 1342 intempestive
648 1288 897 1341 lascivisset,
932 1288 976 1328 in
1008 1288 1186 1328 aerarios
1217 1288 1380 1328 rettulit
1411 1301 1502 1327 cau-

180 1362 350 1401 samque
393 1347 500 1387 hanc
538 1347 618 1387 ioci
656 1346 841 1388 scurrilis
879 1346 991 1399 apud
1028 1361 1071 1387 se
1109 1347 1209 1386 dicti
1246 1346 1502 1399 subscripsit.
1524 1363 1556 1387 20

147 1417 163 1446 7
267 1406 411 1446 Altera
449 1406 646 1446 severitas
685 1406 868 1445 eiusdem
907 1408 1041 1445 sectae
1074 1404 1399 1457 disciplinaeque
1431 1407 1502 1445 est.

144 1465 467 1505 &Deliberatum
493 1467 555 1504 est
582 1464 631 1504 de
656 1466 756 1503 nota
782 1465 880 1515 eius,
908 1464 979 1515 qui
1005 1463 1056 1503 ad
1082 1477 1272 1504 censores
1299 1463 1349 1503 ab
1371 1463 1502 1503 amico

180 1525 404 1564 advocatus
443 1525 506 1563 est
544 1524 584 1563 et
621 1523 665 1562 in
701 1523 789 1562 iure
828 1525 941 1562 stans
980 1521 1087 1562 clare
1124 1522 1248 1561 nimis
1284 1524 1324 1562 et
1356 1535 1503 1561 sonore

181 1582 374 1623 oscitavit
405 1583 530 1633 atque
558 1580 662 1621 inibi
688 1583 735 1620 ut
760 1580 1011 1633 plecteretur
1035 1581 1127 1628 fuit,
1159 1582 1374 1633 tamquam
1401 1579 1505 1619 illud

181 1641 382 1681 indicium
422 1642 529 1680 esset
565 1640 661 1693 vagi
694 1639 821 1679 animi
854 1641 895 1679 et
926 1638 1174 1679 alucinantis
1207 1642 1248 1678 et
1279 1638 1414 1678 fluxae
1446 1641 1504 1678 at-
1525 1654 1556 1678 25

146 1710 165 1738 9
182 1714 262 1753 que
305 1701 470 1752 apertae
509 1698 753 1738 securitatis.
823 1696 903 1737 Sed
942 1711 1035 1737 cum
1073 1697 1143 1737 ille
1181 1697 1409 1737 deiurasset
1445 1697 1505 1737 in—

181 1759 433 1798 vitissimum
483 1771 570 1797 sese
620 1770 668 1797 ac
709 1758 1012 1810 repugnantem
1058 1756 1304 1796 oscitatione
1347 1755 1504 1795 victum

278 1865 316 1894 11
334 1872 410 1903 sqq.
439 1860 510 1893 Cic.
533 1860 577 1893 de
598 1871 645 1893 or.
667 1859 699 1892 Π
720 1864 773 1902 64,
796 1862 861 1892 260

277 1958 292 1987 1
321 1954 436 1998 Idem]
457 1953 504 1986 ΒΞ
525 1954 625 1987 Idem
646 1954 748 1986 deest
767 1957 795 1985 R
816 1954 859 1986 de
879 1956 908 1985 V
928 1953 1008 1986 dest
1027 1956 1051 1984 P
1072 1953 1228 1995 (uterque
1246 1953 1362 1994 spatio
1382 1956 1463 1985 (mete
1483 1951 1506 1984 d

182 2003 255 2044 rel.)
295 2005 313 2033 2
334 2000 444 2044 longa
459 2001 639 2043 (hiistoria
653 2011 691 2041 s.‚
713 2011 806 2043 quae
820 1999 997 2043 inscripta
1012 2013 1038 2032 ω
1058 1999 1160 2041 υάῳ.
1174 2001 1258 2040 207,
1271 1998 1374 2043 241ξὸ
1395 1997 1505 2031 Catus

185 2049 367 2081 Merecrns
396 2048 496 2090 capis
524 2061 549 2080 ω
569 2049 579 2091 ΙΙ
601 2051 617 2079 7
652 2047 783 2080 accede
810 2061 836 2080 ω
868 2059 955 2081 corr.
984 2058 1004 2083 ς
1037 2048 1146 2088 atque
1174 2045 1219 2078 de
1245 2046 1358 2086 Lion,
1390 2056 1439 2078 an
1465 2055 1506 2078 ac

182 2095 281 2137 quod
307 2094 377 2127 de?
396 2096 406 2138 Η
426 2098 444 2127 9
471 2094 753 2127 intercessorum
779 2107 805 2126 ω
825 2095 836 2137 Η
858 2097 899 2126 10
925 2093 1129 2126 castissime
1153 2096 1178 2124 P
1200 2094 1203 2135 Ι
1226 2091 1435 2125 huiusmodi
1454 2090 1507 2136 ΕΗ

186 2145 224 2174 11
259 2141 389 2174 acebat
421 2154 446 2173 ω
478 2142 489 2183 Η
522 2144 563 2173 14
596 2140 798 2174 canalicola
824 2141 924 2183 L'essps.
957 2142 967 2183 ΙἸ
1001 2143 1041 2173 15
1075 2139 1202 2172 sibioci
1235 2139 1361 2171 dicunt
1391 2139 1505 2171 iratus

184 2189 296 2224 (ratus
316 2188 358 2229 ij
382 2201 408 2219 ω
434 2199 521 2221 corr.
546 2188 607 2221 Gr.
629 2189 639 2230 ΙΙ
661 2191 702 2220 16
728 2187 783 2231 ut]
811 2188 846 2220 et
867 2198 886 2223 ς
906 2188 917 2229 Η
939 2190 978 2219 17
1006 2186 1035 2219 ὣ
1060 2186 1208 2228 quidem
1227 2188 1291 2217 RV
1310 2186 1321 2228 Η
1343 2188 1383 2217 19
1410 2184 1507 2227 quod

183 2236 224 2267 ut
242 2238 270 2267 V
296 2236 307 2277 ΙΙ
333 2238 375 2267 20
401 2234 491 2267 iocis
518 2234 659 2267 currilis
686 2234 784 2277 apud
810 2244 847 2267 se
873 2233 981 2267 dictis
1005 2246 1031 2265 ω
1051 2234 1061 2275 Η
1082 2236 1123 2266 22
1151 2242 1308 2266 cessores
1328 2235 1356 2264 V
1383 2242 1507 2274 cepso-

183 2292 239 2315 res
259 2284 287 2313 R
310 2283 314 2325 ι
337 2281 472 2314 amicos
500 2281 559 2323 (ab
586 2292 663 2322 om„
690 2285 763 2314 tum
789 2282 846 2324 35.)
867 2280 912 2312 R¹
