1591 2474
125 59 180 100 86
507 77 517 81 2
705 59 720 92 Ῑ
746 63 806 102 23;
834 63 877 92 24

124 169 306 218 caterva3
332 166 597 206 lacrimantes
625 169 750 219 atque
772 166 1036 207 obsecrantes
1059 169 1191 219 orant,
1216 181 1299 206 una
1319 166 1460 219 potius

67 235 106 264 11
122 227 170 264 ut
202 225 364 265 duobus
396 227 529 277 nupta
560 224 690 277 fieret,
722 239 847 277 quam
880 227 927 265 ut
958 225 1031 264 uni
1063 225 1178 265 duae.
1239 224 1460 265 Senatores

123 283 404 336 ingredientes
438 283 481 322 in
508 282 678 335 curiam,
711 297 816 335 quae
845 283 917 323 illa
943 283 1166 323 mulierum
1193 283 1460 336 intemperies

67 351 107 380 12
124 344 164 381 et
198 341 297 393 quid
330 341 410 381 sibi
442 341 672 393 postulatio
702 341 831 381 istaec
857 341 994 393 vellet,
1026 341 1296 381 mirabantur.
1353 340 1463 381 Puer

123 398 316 451 Papirius
367 399 410 437 in
460 399 643 438 medium
689 399 826 439 curiae
871 413 1134 452 progressus,
1185 399 1285 452 quid
1328 401 1461 439 mater
1499 415 1514 440 5

123 457 266 496 audire
298 456 538 509 institisset,
577 456 677 509 quid
709 457 798 509 ipse
830 457 955 497 matri
988 457 1178 510 dixisset,
1215 472 1320 509 rem,
1353 458 1461 498 sicut

68 525 109 555 13
124 515 273 567 fuerat,
306 514 509 554 denarrat.
570 513 747 555 Senatus
780 515 905 555 fidem
937 518 1062 568 atque
1094 516 1311 569 ingenium
1343 515 1462 568 pueri

124 573 408 625 exosculatur,
453 573 691 613 consultum
733 574 851 626 facit,
894 574 957 613 uti
995 573 1172 626 posthac
1210 573 1328 627 pueri
1366 587 1461 613 cum

124 631 314 683 patribus
364 631 407 671 in
458 631 615 671 curiam
660 646 710 671 ne
754 632 983 684 introeant,
1033 635 1197 685 praeter
1239 632 1310 672 ille
1353 646 1460 672 unus

124 689 335 742 Papirius,
382 692 507 742 atque
551 704 681 742 puero
727 693 873 742 postea
917 693 1244 744 cognomentum
1288 689 1461 732 honoris
1482 707 1515 731 ιο

123 748 258 800 gratia
302 747 482 788 inditum
521 747 843 789 ‘Praetextatus'
885 749 937 788 ob
976 749 1140 789 tacendi
1178 749 1461 801 loquendique

123 806 167 845 in
198 808 333 846 aetate
366 808 606 858 praetextae
638 806 914 859 prudentiam.

720 933 863 974 XXIV

123 1012 210 1045 Tria
248 1012 518 1056 epigrammata
553 1013 663 1046 trium
695 1015 858 1047 veterum
890 1015 1099 1056 poetarum,
1138 1013 1285 1056 Naevii,
1324 1013 1459 1057 Plauti,

170 1059 337 1101 Pacuvii,
366 1070 460 1102 quae
486 1059 586 1092 faeta
613 1060 659 1093 ab
685 1060 774 1103 ipsis
802 1060 978 1103 sepulcris
1005 1071 1129 1094 eorum
1155 1060 1272 1094 incisa
1298 1062 1391 1093 sunt.
1481 1070 1514 1095 15

91 1154 107 1183 1
213 1142 358 1182 Trium
397 1146 615 1195 poetarum
656 1143 897 1183 inlustrium
930 1144 1169 1197 epigram
1182 1146 1341 1196 mata,
1379 1142 1459 1184 Cn.

122 1199 322 1252 Naevii,
360 1200 547 1253 Plauti,
583 1201 638 1241 M.
671 1200 896 1253 Pacuvii,
934 1216 1039 1254 quae
1078 1202 1158 1254 ipsi
1196 1202 1385 1242 fecerunt
1420 1205 1461 1242 et

123 1259 343 1300 incidenda
382 1260 574 1313 sepulcro
613 1274 688 1301 suo
727 1260 1005 1312 reliquerunt,
1042 1260 1276 1301 nobilitatis
1316 1274 1460 1300 eorum

123 1318 259 1371 gratia-
309 1320 350 1357 et
399 1318 630 1358 venustatis
682 1318 899 1359 scribenda
949 1318 993 1358 in
1038 1317 1103 1359 his
1149 1319 1460 1359 commentariis

124 1390 212 1416 esse
245 1376 354 1415 duxi.
1480 1394 1513 1418 20

88 1445 107 1474 ‘2
211 1433 485 1487 Epigramma
523 1433 701 1474 Naevii
742 1435 913 1487 plenum
953 1435 1172 1487 superbiae
1212 1433 1460 1488 Campanae,

124 1493 236 1544 quod
273 1492 562 1532 testimonium
599 1507 686 1533 esse
718 1493 876 1533 iustum
908 1493 1133 1546 potuisset,
1170 1492 1250 1533 nisi
1282 1493 1334 1533 ab
1367 1494 1460 1546 ipso

124 1550 282 1590 dictum
315 1554 423 1591 esset
454 1552 509 1602 (72).
530 1553 627 1603 296,
646 1554 673 1590 3
692 1550 780 1603 B.):

183 1632 478 1672 inmortales
512 1631 749 1672 mortales
783 1632 823 1672 si
855 1632 987 1672 foret
1018 1632 1091 1672 fas
1123 1632 1266 1683 flere,

182 1690 370 1730 flerent
402 1690 544 1730 divae
577 1688 816 1730 Camenae
848 1689 1091 1730 Naevium
1124 1693 1331 1743 poetam.
1480 1706 1512 1731 25

183 1749 353 1800 itaque
380 1751 645 1801 postquam
673 1751 747 1788 est
771 1746 931 1787 Orcho
958 1748 1176 1788 traditus
1203 1748 1459 1801 thesauro,

185 1807 336 1846 obliti
369 1809 484 1846 sunt
516 1805 698 1846 Romae
730 1806 930 1858 loquier
960 1807 1135 1860 lingua
1166 1805 1355 1847 Latina.

89 1898 109 1927 3
213 1887 486 1941 Epigramma
512 1886 700 1938 Plauti,
727 1887 839 1939 quod
865 1887 1186 1939 dubitassemus,
1211 1902 1265 1927 an
1290 1886 1460 1927 Plauti

124 1945 250 1997 foret,
287 1946 369 1985 nisi
401 1960 424 1985 a
455 1944 509 1985 M.
544 1944 767 1985 Varrone
800 1946 985 1998 positum
1018 1948 1126 1986 esset
1157 1946 1207 1985 in
1238 1945 1370 1985 libro
1404 1946 1459 1985 de

125 2004 289 2056 poetis
323 2004 482 2056 primo
517 2005 571 2054 (p.
592 2006 689 2055 296,
709 2006 735 2042 4
756 2002 844 2055 B.):
1477 2019 1512 2044 30

219 2132 238 2161 3
270 2128 309 2160 in
335 2138 399 2162 om.
424 2129 541 2162 Μαον.
563 2131 573 2171 ΙΙ
594 2132 614 2161 4
647 2128 719 2161 ista
745 2128 811 2161 hec
836 2132 865 2160 V
891 2128 963 2161 ista
989 2132 1018 2160 R
1037 2130 1048 2172 Η
1068 2132 1087 2162 5
1114 2127 1357 2171 introgressus
1383 2128 1430 2160 R¹
1449 2129 1459 2171 ΙΙ

125 2178 145 2208 8
172 2174 403 2208 exosculatus
423 2178 452 2206 R
474 2176 533 2214 {10
560 2175 702 2217 hocque
723 2178 751 2206 R
778 2175 884 2217 eique
905 2176 926 2219 β
948 2175 1065 2208 Macr.
1081 2175 1091 2219 Η
1107 2178 1147 2208 11
1175 2174 1355 2208 indictum
1374 2176 1459 2218 PRH

125 2225 168 2255 25
185 2220 384 2254 Casmenae
396 2220 608 2266 Linffvscsellergg
620 2224 662 2254 26
678 2221 779 2254 orchi
793 2222 815 2265 β
829 2221 831 2265 ζ
845 2221 1009 2255 thesauri
1024 2222 1045 2266 β
1058 2221 1251 2255 thesaurus
1263 2221 1459 2258 Baehrens,

126 2267 201 2301 ‘sed
226 2268 398 2301 thesauro
425 2272 465 2301 'etc
491 2268 585 2301 dono
613 2268 713 2301 dare’
736 2267 792 2302 δῖε.
