1602 2484
554 68 789 103 CAI'ITVLA
816 68 903 103 LIB.
930 68 958 104 l.
983 69 1014 101 ss
1407 70 1432 109 9

96 177 419 230 quaesitumque
452 177 555 217 inibi
591 178 816 230 curiosius,
857 191 1060 231 quaenam
1095 178 1202 218 ratio
1237 178 1291 218 sit
1323 192 1444 218 voca-

94 236 184 277 buli
218 236 488 276 indutiarum.

183 294 325 336 XXVI
366 294 497 344 Quem
540 295 581 335 in
621 294 792 335 modum
828 295 930 335 mihi
966 294 1128 335 Taurus
1161 295 1442 349 philosophus

93 354 359 408 responderit
392 355 671 407 percontanti,
705 369 754 394 an
791 355 956 407 sapiens
990 355 1248 395 irasceretur.

348 497 663 544 CAPITVLA
702 498 872 543 LIBRI
914 498 1186 544 sECVNDl

180 589 199 630 I
232 589 324 639 Quo
358 605 509 644 genere
540 590 689 630 solitus
718 591 772 630 sit
798 590 1080 644 philosophus
1109 589 1301 632 Socrates
1329 606 1442 631 exer-

93 664 184 690 cere
204 649 454 702 patientiam
477 650 685 703 corporis3
707 650 840 703 deque
856 650 1042 690 eiusdem
1057 651 1136 690 viri
1152 652 1441 703 temperantia.

181 707 223 748 Il
263 708 378 757 Quae
410 708 518 749 ratio
553 708 876 761 observatioque.
911 709 1149 749 officiorum
1178 724 1266 749 esse
1293 709 1441 750 debeat
1472 732 1475 734 ·

92 767 202 808 inter
231 770 371 821 patres
398 768 594 820 filiosque
621 768 664 808 in
691 767 994 808 discumbendo
1023 768 1289 821 sedendoque
1316 772 1441 822 atque

92 827 133 867 id
166 841 298 880 genus
331 826 455 867 rebus
489 826 603 867 domi
637 827 837 880 forisque7
870 827 904 867 si
936 827 1012 867 filii
1041 827 1316 882 magistratus
1344 831 1442 868 sunt

91 888 133 926 et
179 888 318 939 patres
364 885 537 939 privati3
589 900 798 939 superque
844 901 890 926 ea
934 901 977 926 re
1022 886 1150 926 Tauri
1194 886 1441 940 philosophi

91 944 331 985 dissertatio
371 947 412 985 et
451 945 689 998 exemplum
731 961 780 985 ex
813 944 990 985 historia
1024 945 1216 985 Romana
1248 947 1440 999 petitum.

179 1002 243 1044 III
299 1003 391 1052 Qua
439 1004 602 1044 ratione
652 1004 792 1044 verbis
840 1004 1093 1057 quibusdam
1138 1005 1440 1058 vocabulisque

89 1065 253 1103 veteres
287 1063 540 1103 immiserint
572 1062 599 1102 h
632 1063 799 1103 litterae
832 1064 1040 1116 spiritum.

178 1120 241 1162 IV
291 1121 426 1170 Quam
467 1121 519 1162 ob
560 1137 726 1163 causam
764 1121 921 1163 Gavius
954 1122 1110 1163 Bassus
1144 1137 1277 1177 genus
1312 1123 1439 1176 quod-

90 1181 186 1221 dam
214 1180 360 1221 iudicii
389 1181 724 1221 ‘divinationem'
754 1181 957 1235 appellari
985 1182 1217 1235 scripserit3
1245 1185 1286 1222 et
1313 1197 1438 1235 quam

90 1239 162 1280 alii
197 1254 365 1280 causam
400 1254 489 1280 esse
522 1240 707 1280 eiusdem
741 1240 937 1281 vocabuli
970 1240 1164 1281 dixerint.

177 1297 218 1339 V
263 1298 397 1347 Quam
436 1299 575 1353 lepide
614 1300 862 1354 signateque
896 1299 1049 1339 dixerit
1081 1298 1316 1340 Favorinus
1350 1299 1439 1353 phi-

88 1356 311 1411 losophus,
352 1358 453 1411 quid
493 1358 661 1398 intersit
699 1359 809 1398 inter
847 1358 1039 1399 Platonis
1079 1361 1120 1398 et
1158 1358 1310 1413 Lysiae
1350 1374 1439 1400 ora-

91 1417 262 1457 tionem.
1250 1463 1252 1465 ,

177 1474 237 1516 VI
289 1475 451 1525 Quibus
496 1476 634 1516 verbis
680 1477 891 1531 ignaviter
935 1479 975 1517 et
1020 1477 1181 1517 abiecte
1222 1475 1439 1532 Vergilius

88 1549 190 1575 usus
219 1549 308 1575 esse
336 1535 516 1588 dicaturg
544 1538 586 1575 et
612 1536 713 1588 quid
740 1536 818 1588 his,
846 1536 919 1589 qui
946 1536 1137 1589 improbe
1164 1536 1262 1589 <id>
1284 1536 1439 1589 dicunt,

88 1593 403 1647 respondeatur.

177 1651 259 1693 VII
297 1652 360 1693 De
394 1653 535 1693 officio
569 1667 667 1708 erga
700 1656 839 1707 patres
872 1653 1122 1707 liberorum3
1156 1654 1288 1707 deque
1321 1668 1369 1693 ea
1395 1669 1438 1694 re

89 1726 140 1752 ex
165 1710 462 1765 philosophiae
489 1711 620 1764 libris,
649 1713 689 1752 in
716 1712 866 1765 quibus
889 1713 1092 1766 scriptun]
1115 1712 1438 1766 quaesitumque

88 1773 171 1825 est>
204 1785 255 1810 an
290 1770 486 1811 omnibus
518 1771 650 1824 patris
684 1771 811 1811 iussis
845 1771 1162 1824 obsequendum
1197 1772 1263 1812 sit.

177 1827 283 1870 VIII
335 1829 457 1878 Quod
507 1844 657 1883 parum
702 1844 836 1883 aequa
879 1829 1149 1884 reprehensio
1194 1829 1370 1884 Epicuri
1414 1846 1438 1870 a

86 1886 317 1929 Plutarcho
351 1889 462 1929 facta
495 1889 549 1929 sit
583 1888 627 1929 in
659 1889 911 1943 synlogismi
944 1889 1179 1942 disciplina.

176 1945 237 1987 IX
271 1946 393 1996 Quod
420 1947 530 1988 idem
551 1946 804 1988 Plutarchus
826 1947 1010 1988 evidenti
1032 1948 1243 1989 calumnia
1262 1948 1436 1989 verbum

88 2005 138 2046 ab
173 2005 360 2059 Epicuro
395 2006 554 2047 dictum
588 2007 818 2047 insectatus
852 2007 917 2047 sit.

176 2064 216 2105 X
255 2064 365 2114 Quid
398 2066 483 2106 sint
515 2065 672 2106 favisae
706 2064 988 2119 Capitolinae3
1021 2069 1063 2106 et
1096 2066 1195 2119 quid
1229 2081 1356 2120 super
1387 2081 1435 2106 eo

87 2123 216 2164 verbo
248 2123 305 2165 M.
332 2123 469 2165 Varro
504 2123 649 2164 Servio
685 2123 874 2178 Sulpicio
911 2126 1130 2178 quaerenti
1162 2125 1436 2179 rescripserit.

175 2181 237 2223 XI
286 2181 351 2223 De
402 2181 561 2224 Sicinio
606 2182 791 2223 Dentato
837 2185 1007 2239 egregio
1053 2183 1257 2224 bellatore
1301 2185 1437 2224 multa

85 2244 322 2282 memoratu
355 2241 493 2296 digna.

176 2298 260 2341 XII
301 2299 575 2341 Considerata
605 2315 894 2355 perpensaque
926 2301 994 2342 lex
1029 2302 1233 2354 quaedam
1267 2300 1434 2343 Solonis
