1617 2484
29 723 64 749 10

30 1016 62 1042 15

28 1311 63 1336 20

30 1603 64 1629 25

30 1897 65 1923 30

710 69 758 102 ΙΙΙ
788 74 803 103 1
1350 69 1428 107 145

85 175 324 228 quaerendo
370 175 430 215 fui
474 189 539 228 ac,
584 176 664 217 nisi
710 179 755 217 tu
802 190 1068 231 occupasses,
1113 177 1223 217 ultro
1269 178 1309 216 te
1349 175 1428 215 hoe

84 235 328 289 rogassem?

174 293 257 333 'Vix
299 307 377 347 ego
416 293 519 334 haec
557 293 743 334 dixeram
783 294 1121 346 cunctabundus,
1158 296 1284 346 atque
1324 293 1426 333 inibi
1468 301 1487 329 ὖ

85 352 295 404 quispiam
323 352 372 392 de
399 352 677 393 sectatoribus
704 352 961 405 Favorini,
994 353 1065 405 qui
1092 353 1314 393 videbatur
1340 367 1428 393 esse

86 411 129 451 in
176 411 330 451 litteris
380 413 607 463 veterator,
664 410 953 452 ‘Valerium'
1007 412 1146 464 inquit
1197 410 1424 451 ‘Probum

83 469 225 510 audivi
258 469 362 510 haec
393 470 529 510 dicere
556 484 677 510 usum
706 484 794 511 esse
822 469 1126 511 Sallustium
1154 470 1427 511 circumlocu-

83 528 200 569 tione
239 529 419 581 quadam
458 529 624 581 poetica
659 531 717 582 et,
756 543 851 569 cum
885 529 1020 569 dicere
1052 530 1180 569 vellet
1212 528 1427 568 hominem

83 587 260 627 avaritia
304 587 535 640 corrumpi,
585 601 738 641 corpus
783 591 824 628 et
864 588 1051 628 animum
1098 588 1270 639 dixisse,
1321 601 1427 640 quae

85 646 190 686 duae
234 660 299 686 res
336 645 552 686 hominem
591 646 946 699 demonstrarent3
990 660 1173 699 namque
1210 645 1338 686 homo
1378 661 1428 686 ex

84 705 224 745 anima
250 708 292 745 et
318 719 493 758 corpore
519 705 608 745 est.'
666 704 952 758 ‘Numquam,’
981 706 1121 757 inquit
1146 704 1426 745 Favorinus
1467 713 1485 741 ⁶5

85 763 214 816 ‘quod
246 763 439 815 equidem
474 764 572 815 scio,
604 767 689 804 tam
723 764 951 818 inportuna
983 767 1155 817 tamque
1186 763 1334 804 audaci
1366 778 1427 803 ar-

83 822 202 877 gutia
239 822 321 863 fuit
357 824 502 863 noster
537 822 749 876 Probus,
787 826 834 864 ut
870 821 1188 875 Sallustium,
1226 823 1294 862 vel
1332 822 1427 862 sub-

82 881 327 921 tilissimum
371 881 589 922 brevitatis
633 881 857 935 artificem,
904 880 1161 935 periphrasis
1205 883 1426 935 poetarum

82 941 219 980 facere
252 939 433 980 diceret’

171 998 275 1038 Erat
324 1001 414 1039 tum
464 998 686 1039 nobiscum
730 999 774 1039 in
818 999 964 1039 eodem
1009 997 1252 1039 ambulacro
1298 998 1425 1038 homo
1471 1016 1479 1033 ι

83 1057 294 1110 quispiam
334 1071 431 1097 sane
470 1057 630 1098 doctus.
691 1056 731 1097 Is
767 1072 936 1110 quoque
969 1071 993 1096 a
1023 1056 1274 1097 Favorino
1308 1071 1426 1111 roga-
1465 1063 1484 1092 S

82 1119 169 1168 tus,
211 1116 361 1168 ecquid
397 1116 573 1156 haberet
611 1130 737 1169 super
774 1130 822 1157 ea
859 1131 903 1157 re
941 1115 1096 1168 dicere,
1133 1115 1427 1156 huiuscemodi

82 1175 222 1215 verbis
271 1189 371 1215 usus
419 1177 498 1215 est:
550 1173 769 1223 ‘Quorum’
821 1175 961 1227 inquit
1006 1174 1198 1215 ‘avaritia
1241 1177 1425 1215 mentem
1466 1184 1484 1210 9

82 1233 220 1274 tenuit
270 1235 311 1274 et
360 1233 549 1286 corrupit
595 1233 752 1286 quique
797 1248 885 1274 sese
929 1233 1196 1286 quaerundae
1241 1233 1426 1286 undique

83 1291 286 1346 pecuniae
330 1291 595 1344 dediderunt,
640 1306 711 1333 eos
750 1292 974 1345 plerosque
1011 1292 1087 1332 tali
1125 1306 1277 1346 genere
1316 1292 1427 1332 vitae

84 1353 312 1404 occupatos
349 1350 557 1403 videmus,
595 1353 643 1391 ut
680 1351 805 1391 sicuti
842 1351 924 1392 alia
961 1351 1007 1390 in
1043 1349 1109 1390 his
1149 1350 1289 1390 omnia
1327 1364 1427 1403 prae

83 1409 274 1463 pecunia,
305 1409 364 1450 ita
394 1408 516 1449 labor
547 1423 716 1462 quoque
747 1409 881 1450 virih's
907 1409 1212 1462 exercendique
1238 1409 1426 1462 corporis

84 1468 270 1509 studium
302 1467 468 1509 relictui
500 1468 564 1509 sit.
620 1466 817 1522 Negotiis
849 1469 961 1509 enim
994 1482 1037 1508 se
1063 1468 1312 1521 plerumque
1338 1482 1426 1507 um·
1443 1474 1485 1503 1⁴)

84 1527 255 1568 braticis
300 1529 342 1567 et
385 1526 608 1567 sellulariis
652 1527 898 1579 quaestibus
938 1527 1125 1568 intentos
1161 1525 1339 1579 habent,
1382 1527 1427 1567 in

85 1586 238 1639 quibus
289 1586 425 1626 omnis
469 1599 613 1626 eorum
658 1586 781 1640 vigor
823 1586 955 1626 animi
998 1585 1271 1638 corporisque
1315 1585 1425 1625 elan—

84 1644 248 1699 guescit
279 1647 337 1696 et,
370 1644 483 1697 quod
516 1642 794 1684 Sallustius
825 1645 902 1697 ait,
935 1644 1259 1685 ‘effeminatur’.'

172 1702 281 1743 Tum
312 1702 593 1743 Favorinus
629 1703 715 1756 legi
754 1703 891 1743 denuo
923 1703 1051 1743 verba
1083 1702 1227 1743 eadem
1262 1700 1425 1742 Sallu-
1442 1708 1481 1737 11

85 1761 173 1802 stii
210 1761 328 1802 iubet
364 1764 508 1814 atque,
545 1761 619 1801 ubi
655 1761 766 1802 lecta
803 1764 917 1814 sunt,
957 1761 1074 1814 ‘quid
1108 1759 1254 1815 igitur’
1286 1761 1426 1813 inquit

85 1819 297 1872 ‘dicimus,
335 1820 448 1872 quod
485 1820 642 1860 multos
674 1820 815 1861 videre
848 1822 911 1861 est
941 1819 1144 1873 pecuniae
1176 1819 1351 1872 cupidos
1384 1822 1426 1860 et

85 1878 253 1919 eosdem
287 1881 431 1919 tamen
461 1892 637 1931 corpore
669 1892 758 1919 esse
789 1881 940 1933 vegeto
972 1892 1021 1919 ac
1052 1877 1252 1918 valenti?
1315 1877 1424 1918 Tum
1441 1885 1482 1914 12

84 1938 156 1977 ille
182 1937 242 1978 ita
266 1937 499 1990 respondit:
528 1936 788 1990 ‘Respondes
814 1951 901 1977 non
926 1937 1065 1977 hercle
1091 1936 1251 1977 inscite.
1306 1935 1424 1985 Quis-

182 2056 223 2086 11
251 2053 368 2086 Amm.
390 2051 507 2085 XXIV
527 2055 558 2094 7,
581 2055 599 2085 1
746 2056 805 2094 193
833 2055 876 2085 ⁵23
891 2063 943 2095 sq.
970 2052 1087 2086 Amm.
1109 2051 1209 2085 XXX
1231 2056 1264 2095 4,
1293 2056 1352 2093 15;
1381 2055 1424 2085 20

183 2163 199 2192 1
227 2158 298 2198 nisi
324 2157 354 2191 si
373 2160 402 2189 V
423 2159 433 2201 Η
453 2161 473 2190 4
500 2156 606 2191 fauor
630 2157 750 2201 iniqui
770 2171 797 2190 ω
816 2159 828 2201 Η
850 2161 890 2191 17
919 2168 960 2191 eo
987 2157 1077 2200 quid
1095 2157 1203 2192 haret
1222 2171 1249 2191 ω
1269 2168 1358 2192 corr.
1380 2168 1400 2191 6
1417 2161 1419 2202 ᾗ

85 2204 226 2238 diceret
246 2218 272 2238 ω
292 2215 382 2239 corr.
404 2204 448 2247 ¹31!
463 2207 505 2238 18
526 2204 724 2238 auaritiam
743 2204 865 2239 tenuit
885 2204 1056 2249 (ienuitV
1075 2204 1146 2238 —tia
1165 2204 1326 2238 intenuit
1339 2206 1380 2248 R)
1396 2218 1422 2238 ω

84 2252 203 2295 suppl.
224 2251 402 2286 Deiatzko
428 2250 547 2293 Quos.
564 2279 570 2285 .
585 2251 720 2285 minuit
739 2262 760 2289 ς
779 2251 891 2285 iniuit
912 2251 1080 2287 Gebhard
1092 2252 1103 2297 Η
1119 2255 1160 2285 19
1181 2251 1424 2296 qu(a)erunda

86 2298 172 2331 und.
194 2298 292 2343 (und.
313 2309 379 2333 om.
400 2299 438 2343 P)
460 2298 666 2344 pec(c)unia
687 2312 714 2332 ω
739 2309 826 2333 corr.
849 2299 963 2334 Hertz
982 2299 1076 2343 (Gr.)
1089 2298 1101 2344 Η
1115 2301 1157 2332 31
1184 2298 1375 2342 respondis
1396 2312 1423 2332 ω

159 2362 299 2389 GELmvs
321 2363 365 2389 ed.
386 2363 529 2389 Hosius
1172 2360 1214 2390 10
