1617 2484
56 714 89 739 10

59 1007 90 1033 15

61 1299 94 1325 20

64 1595 97 1621 25

714 60 759 92 IX
790 63 831 92 13
1357 56 1440 95 329

105 174 267 225 quatus.
331 168 509 209 Causam
549 167 819 221 cognomenti
851 166 981 206 fuisse
1012 165 1250 218 accepimus
1283 164 1445 215 torquis
1485 175 1504 203 3

105 245 155 271 ex
199 243 300 269 auro
346 228 554 280 induvies,
605 240 730 279 quam
776 240 825 265 ex
870 224 1008 276 hoste,
1056 239 1178 277 quem
1225 222 1447 274 occiderat,

106 289 333 329 detractam
385 286 532 326 induit.
608 285 687 325 sed
739 285 833 336 quis
882 283 1018 323 hostis
1069 285 1110 322 et
1158 282 1258 334 quid
1302 294 1447 334 genuS,
1485 291 1504 319 4

107 361 231 400 quam
263 345 552 386 formidandae
584 343 792 384 vastitatis
825 345 866 382 et
898 344 1102 394 quantum
1136 340 1320 380 insolens
1355 354 1447 392 pro-

106 407 279 446 vocator
311 407 352 444 et
383 403 567 444 cuimodi
599 402 726 442 fuerit
758 415 901 455 pugna
928 400 1199 451 decertatum,
1231 397 1274 446 Q.
1304 399 1447 438 (illau-

108 464 217 504 dius
253 463 414 516 primo
447 462 702 502 annalium
736 460 960 514 purissime
993 461 1118 511 atque
1151 457 1448 497 inlustrissime

108 522 375 575 simplicique
420 524 460 561 et
504 521 719 573 incompta
766 518 968 559 orationis
1006 517 1203 570 antiquae
1242 515 1448 556 suavitate

108 580 339 633 descripsit.
421 579 553 627 Quem
609 579 750 618 locum
809 592 858 617 ex
909 590 957 616 eo
1007 576 1116 615 libro
1168 573 1448 628 philosophus
1487 584 1507 613 5

107 639 341 680 Favorinus
374 651 468 678 cum
500 639 677 691 legeret,
708 650 794 676 non
826 635 1060 675 minoribus
1094 634 1210 686 quati
1243 633 1450 685 adficique

108 699 295 738 animum
335 711 457 737 suum
498 696 683 736 motibus
722 694 999 748 pulsibusque
1035 692 1218 744 dicebat,
1257 705 1380 743 quam
1416 691 1450 730 si

109 757 199 810 ipse
233 770 373 796 coram
407 756 696 809 depugnantes
730 768 800 793 eos
834 755 1052 806 spectaret.
1490 760 1509 789 6

198 814 340 855 Verba
372 813 417 863 Q.
451 813 646 866 Claudi,
684 812 837 865 quibus
876 825 1019 865 pugna
1058 811 1138 850 ista
1176 809 1342 863 depicta
1377 811 1452 860 est,

110 872 313 927 adscripsi
346 870 509 925 (fh.10¹³
528 871 616 925 P.):
656 870 774 911 Cum
808 871 1009 910 interim
1044 867 1218 909 Gallus
1252 867 1451 921 quidam

111 932 271 973 nudus
315 934 516 985 praeter
557 933 752 971 scutum
791 932 838 969 et
875 929 1073 983 gladios
1113 927 1234 967 duos
1273 929 1453 977 torque

111 994 260 1044 atque
292 990 511 1030 armillis
545 990 811 1029 decoratus
844 986 1113 1041 processit,
1145 985 1229 1038 qui
1262 987 1309 1025 et
1336 984 1453 1024 viri-

112 1051 201 1091 bus
246 1051 294 1090 et
337 1048 686 1102 magnitudine
731 1049 779 1087 et
816 1044 1164 1086 adulescentia
1202 1042 1454 1095 simulque

111 1109 303 1149 virtute
341 1108 524 1148 ceteris
563 1105 856 1147 antistabat.
922 1104 967 1145 Is
1006 1103 1217 1144 maxime
1255 1101 1452 1155 proelio
1492 1110 1512 1140 8

114 1169 361 1208 commoto
388 1169 539 1218 atque
564 1165 795 1217 utrisque
823 1178 1010 1204 summo
1039 1162 1207 1203 studio
1231 1174 1455 1215 pugnan-

113 1226 250 1267 tibus
294 1240 440 1265 manu
482 1224 780 1278 significare
819 1222 988 1275 coepit
1025 1221 1274 1273 utrisque,
1319 1219 1455 1272 quie-

115 1287 323 1326 scerent.
391 1282 594 1338 Pugnae
638 1282 771 1322 facta
816 1295 970 1335 pausa
1008 1282 1092 1321 est.
1161 1277 1526 1330 Extemplo9.10

115 1343 323 1384 silentio
362 1342 499 1382 facto
539 1355 644 1381 cum
681 1353 800 1381 voce
832 1340 1045 1380 maxima
1078 1337 1378 1388 conclamat,
1417 1336 1457 1375 si

116 1402 227 1455 quis
287 1414 451 1441 secum
509 1400 797 1454 depugnare
853 1398 1027 1450 vellet,
1087 1397 1162 1437 uti
1218 1395 1456 1449 prodiret.

113 1459 271 1502 Nemo
328 1459 545 1500 audebat
596 1461 806 1512 propter
855 1455 1264 1511 magnitudinem
1308 1456 1515 1506 atquell

116 1518 468 1559 inmanitatem
521 1517 689 1557 facies.
769 1515 961 1556 Deinde
1013 1514 1188 1555 Gallus
1239 1512 1516 1553 inridere12

118 1577 287 1631 coepit
321 1580 471 1629 atque
502 1577 727 1630 linguam
761 1577 998 1616 exertare.
1060 1572 1114 1613 Id
1147 1572 1316 1612 subito
1350 1579 1517 1623 per-13

117 1636 333 1677 dolitum
379 1638 454 1675 est
498 1635 693 1674 cuidam
738 1633 853 1674 Tito
895 1632 1102 1684 Manlio,
1146 1643 1334 1670 summo
1381 1643 1460 1683 ge-

117 1709 232 1735 nere
266 1696 436 1748 gnato,
468 1696 663 1734 tantum
693 1692 953 1747 flagitium
981 1689 1183 1731 civitati
1210 1687 1460 1739 adcidere,

119 1768 140 1794 e
171 1756 313 1793 tanto
346 1752 572 1793 exercitu
605 1752 850 1792 neminem
884 1749 1097 1803 prodire.
1154 1747 1217 1800 Is,
1249 1750 1302 1787 ut
1331 1746 1519 1798 dieo‚14

119 1811 370 1866 processit
406 1825 566 1863 neque
598 1824 777 1864 passus
810 1812 884 1849 est
915 1809 1155 1848 virtutem
1188 1805 1459 1846 Romanam

1492 818 1509 848 *1

214 1919 236 1948 4
261 1915 378 1948 Amm.
401 1914 483 1948 XVI
504 1917 559 1956 12,
581 1917 624 1946 24
650 1913 767 1946 XXIV
787 1916 819 1954 4,
841 1916 885 1945 ‘24
1019 1915 1061 1944 14
1088 1911 1206 1943 Amm.
1228 1908 1344 1941 XXXI
1367 1911 1419 1949 16,
1441 1911 1460 1940 6

170 1966 211 1996 16
227 1973 278 2005 sq.
307 1960 378 1994 Cic.
401 1961 445 1995 de
465 1961 536 1994 inv.
557 1960 589 1993 H
612 1964 642 2003 1,
663 1964 682 1993 2
710 1960 827 1993 Amin.
850 1958 932 1992 XIX
955 1962 984 2001 1,
1007 1961 1024 1991 7
1052 1957 1135 1990 XXI
1155 1961 1187 1999 6,
1208 1960 1228 1989 4

217 2060 235 2089 2
261 2055 434 2089 induuias
458 2066 483 2099 γ
506 2058 509 2097 1
533 2054 718 2088 occideret
742 2056 799 2085 ΒΖ
819 2054 829 2096 ΙΙ
850 2056 869 2086 3
896 2051 986 2096 quid
1010 2063 1035 2096 γ
1053 2053 1064 2095 Η
1084 2054 1105 2084 4
1131 2052 1168 2084 et
1194 2060 1305 2093 quam
1330 2049 1354 2082 f.
1375 2051 1433 2093 yB
1454 2050 1465 2091 ΙΙ

123 2108 142 2137 5
164 2102 334 2137 cuimodo
353 2106 385 2134 X
405 2101 610 2136 cuiusmodi
630 2102 710 2133 BH
726 2102 738 2143 Η
759 2103 801 2133 10
820 2099 989 2143 pulsibus
1008 2100 1090 2132 BH
1104 2099 1115 2141 ΙΙ
1136 2101 1178 2131 13
1200 2096 1377 2139 descripsi
1394 2096 1438 2128 11
1453 2096 1464 2138 11

124 2154 167 2184 14
194 2150 265 2183 duo
291 2152 389 2182 NXZ
409 2151 420 2192 ΙΙ
442 2152 483 2182 17
511 2147 750 2181 antistitabat
776 2150 803 2184 Q
827 2148 838 2190 Η
866 2149 907 2179 19
933 2146 1105 2179 manibus
1132 2145 1161 2178 δ
1183 2146 1187 2188 1
1208 2143 1357 2186 utrique
1382 2143 1469 2175 NH

122 2196 314 2240 utriusque
327 2199 359 2229 X
378 2198 389 2240 Η
409 2199 453 2229 20
472 2198 551 2238 post
568 2204 715 2238 pugnae
733 2194 813 2227 dist.
824 2204 915 2236 pars
928 2192 1041 2234 codd.5
1056 2192 1152 2225 unde
1164 2201 1291 2235 pugna
1307 2189 1435 2223 Carrio
1454 2189 1464 2231 ΙΙ

125 2247 165 2277 21
189 2242 423 2277 conclamant
442 2243 471 2276 δ
491 2244 501 2286 Η
521 2245 565 2274 24
585 2240 696 2274 faciei
716 2243 777 2277 BQ,
796 2242 807 2283 Η
827 2243 870 2273 25
890 2240 913 2273 1.
935 2240 1006 2284 ex]
1025 2242 1052 2276 Q
1070 2238 1200 2282 lingua
1221 2246 1386 2271 exerrare
1408 2248 1434 2267 ω
1455 2236 1465 2278 ΙΙ

125 2293 168 2323 27
184 2289 359 2324 accedere
373 2292 395 2322 Z
415 2290 425 2333 Ι]
446 2292 489 2322 28
505 2290 541 2322 et
556 2290 642 2322 ante
657 2291 713 2325 QZ
737 2289 740 2332 Ι
764 2287 965 2320 exercitum
980 2289 1007 2324 Q
1029 2286 1032 2329 k
1055 2285 1179 2319 iudico
1193 2284 1242 2317 Χ1
1255 2283 1342 2317 ilico
1356 2282 1403 2315 M
1404 2292 1464 2315 ms.
