1611 2474
176 81 258 120 174
742 82 791 116 ΙΠ
819 86 878 124 16;
907 86 947 116 17

113 188 439 229 *Zivideretuin
502 188 553 229 In
590 190 760 230 eodem
797 189 930 230 libro
963 189 1099 231 Plini
1132 189 1347 231 Secundi
1384 189 1512 231 verba

170 247 273 288 haec
317 247 473 301 scripta
518 250 616 288 sunt
661 248 958 302 (VII5,42):
1004 247 1253 290 Oscitatio
1298 249 1348 289 in
1390 250 1510 290 nixu

169 306 342 346 letalis
379 309 470 359 est,
509 306 642 347 sicut
674 308 955 348 sternuisse
988 321 1011 347 a
1043 308 1179 348 coitu
1210 307 1510 348 abortivum.

780 423 904 465 XVII

167 498 208 531 Id
235 508 380 540 quoque
407 508 487 531 esse
513 509 534 531 a
560 498 788 541 gravissimis
814 499 902 532 viris
928 499 1126 533 memoriae
1151 500 1385 542 mandatum,
1411 500 1509 542 quod
1546 509 1562 533 5

215 545 281 578 tris
308 545 421 578 libros
448 545 554 578 Plato
570 541 739 579 ‘Philolai
766 545 1004 590 Pythagorici
1031 547 1068 580 et
1093 546 1311 580 Aristoteles
1332 546 1509 590 pauculos

216 592 415 635 Speusippi
442 591 655 636 philosophi
680 593 833 627 mercati
861 594 946 626 sunt
971 594 1100 637 pretiis
1126 594 1236 628 fidem
1262 605 1335 627 non
1361 593 1508 637 capien-

214 640 324 673 tibus.

133 729 148 757 1
254 717 484 758 Memoriae
522 718 767 759 mandatum
806 721 869 759 est
902 717 1165 760 Platonem
1203 718 1506 772 philosophum

167 777 283 816 tenui
333 776 560 817 admodum
604 777 781 830 pecunia
824 778 1024 818 familiari
1067 778 1196 818 fuisse
1240 780 1366 830 atque
1411 792 1507 818 eum

165 838 307 876 tamen
338 835 414 876 tris
440 834 665 876 Philolai
690 835 966 890 Pythagorici
996 836 1127 877 libros
1160 836 1303 877 decem
1335 836 1507 877 milibus

131 907 148 934 μ’
166 894 382 935 denarium
423 896 667 935 mercatum.
734 893 783 935 Id
821 896 859 935 ei
896 896 1081 949 pretium
1121 895 1296 936 donasse
1335 895 1506 948 quidam

166 953 424 1006 scripserunt
456 953 639 993 amicum
672 954 760 993 eius
791 953 974 994 Dionem
1008 953 1287 1007 Syracosium.

130 1022 149 1051 3
253 1010 586 1052 Aristotelem
645 1026 814 1065 quoque
869 1013 1072 1053 traditum
1121 1012 1253 1053 libros
1302 1013 1505 1065 pauculos

165 1068 438 1123 Speusippi
463 1069 709 1123 philosophi
736 1073 833 1124 post
855 1074 1035 1112 mortem
1057 1072 1145 1112 eius
1166 1071 1315 1111 emisse
1334 1070 1504 1112 talentis

162 1128 317 1169 Atticis
342 1129 497 1183 tribus3
524 1143 571 1169 ea
597 1144 761 1170 summa
786 1130 836 1170 fit
860 1131 1024 1170 nummi
1049 1130 1184 1170 nostri
1211 1130 1400 1171 sestertia
1421 1129 1503 1170 duo

163 1191 204 1228 et
236 1188 505 1242 septuaginta
537 1189 665 1228 milia.

126 1258 145 1286 4
258 1249 428 1300 Τίμων
454 1248 741 1288 amarulentus
762 1246 920 1288 librum
940 1247 1386 1288 maledicentissimum
1407 1261 1502 1288 con-

127 1317 145 1346 5
162 1304 343 1358 scripsit,
369 1305 443 1358 qui
469 1308 645 1354 σίλλος
664 1306 918 1347 inscribitur.
969 1305 1020 1347 In
1040 1320 1088 1347 eo
1109 1306 1219 1347 libro
1240 1305 1501 1347 Platonem

161 1364 465 1417 philosophum
490 1364 794 1405 contumeliose
813 1365 1011 1419 appellat,
1038 1365 1151 1419 quod
1171 1366 1345 1418 inpenso
1365 1365 1500 1418 pretio
1521 1384 1534 1408 ε

160 1422 658 1477 librumvathagoricae
693 1423 940 1477 disciplinae
972 1425 1144 1465 emisset
1175 1439 1309 1478 exque
1341 1438 1389 1464 eo
1422 1423 1502 1464 Ti-

126 1493 145 1522 o
161 1496 369 1535 maeum,
394 1482 582 1522 nobilem
603 1483 724 1523 illum
745 1483 973 1536 dialogum,
994 1482 1297 1523 concinnasset.
1341 1481 1499 1523 Versus

161 1555 286 1593 super
311 1554 359 1580 ea
384 1555 427 1581 re
461 1541 691 1594 Τίμωνος
716 1540 761 1581 hi
788 1544 887 1582 sunt
914 1542 983 1593 (fr.
998 1543 1051 1582 54
1066 1541 1120 1582 D.
1135 1544 1338 1593 26p.130
1355 1539 1499 1591 CW):

219 1610 301 1651 καὶ
341 1612 420 1663 σύ,
466 1611 703 1664 Πλάτων,
747 1612 830 1652 καὶ
868 1611 960 1665 γάρ
1001 1623 1053 1652 σε
1091 1613 1375 1665 μαθητείης
1411 1613 1498 1652 πό-

1004 1674 1099 1719 θος
1131 1671 1295 1724 ἔσχεν,

1528 795 1560 822 10

1526 1091 1557 1115 15

216 1731 420 1769 πολλῶν
453 1727 493 1769 δ’
530 1727 795 1783 ἀργυρίων
827 1728 1008 1782 ὀλίγην
1039 1727 1261 1781 ἠλλάξαο
1293 1730 1497 1782 βίβλον,
1519 1707 1531 1712 -

217 1788 373 1828 ἔνθεν
446 1787 804 1841 ἀπαρχόμενος
872 1788 1326 1886 <τιμοίιῖιο>γραφεϊν
1392 1786 1493 1828 ἐδι-

1037 1846 1210 1900 άχθης

251 1929 270 1959 9
286 1937 362 1969 sqq.
391 1926 496 1971 Diog.
518 1926 555 1959 L.
577 1926 627 1959 ΠΙ
655 1930 693 1959 11
717 1928 764 1971 (9)
791 1925 874 1960 Vm
896 1930 925 1969 1,
949 1930 1007 1968 153
1036 1929 1066 1969 7,
1090 1929 1106 1959 1
1129 1927 1201 1969 (84)
1224 1925 1412 1960 Iamblich.
1430 1925 1493 1959 vit.

156 1972 261 2015 Pyth.
285 1976 326 2006 31
349 1975 444 2017 (199)
568 1977 610 2006 14
636 1973 741 2017 Diog.
764 1973 801 2007 L.
822 1973 872 2007 IV
894 1977 923 2014 1,
948 1977 986 2007 11
1010 1974 1057 2016 (5)
1181 1976 1222 2006 18
1238 1984 1313 2016 sqq.
1341 1973 1389 2006 id.
1412 1972 1495 2006 VHI

158 2022 188 2061 7,
204 2023 224 2052 4
241 2021 310 2064 (85)
331 2022 389 2063 (ex
408 2019 626 2064 Hermippo)
645 2019 794 2055 Tzetzes
816 2019 905 2054 Chil.
921 2020 953 2053 X
972 2023 1038 2054 790
1051 2031 1127 2063 sqq.
1149 2019 1198 2053 XI
1214 2024 1229 2053 1
1244 2031 1338 2062 sqq.3
1360 2023 1403 2053 38
1415 2031 1492 2063 sqq.

250 2128 269 2157 3
291 2125 411 2158 accitu
427 2139 453 2158 ω
467 2137 556 2160 corr.
573 2137 593 2163 ς
609 2126 734 2169 (Ρῑίη.)
754 2127 764 2170 ΙΙ
786 2129 803 2159 7
819 2126 942 2169 preter
954 2129 979 2158 P
999 2128 1009 2169 ΙΙ
1032 2130 1071 2159 11
1086 2124 1257 2169 philolaii
1271 2124 1371 2169 (-soii
1384 2126 1426 2168 R>
1441 2139 1468 2158 ω
1482 2125 1493 2170 {f

156 2174 198 2204 1⁴2
219 2173 343 2216 mei-c]
365 2173 497 2206 emisse
516 2176 545 2205 R
564 2174 575 2216 11
597 2177 639 2206 14
659 2183 796 2216 paucos
816 2176 845 2205 R
865 2174 875 2217 Η
897 2176 938 2206 17
959 2173 1076 2206 miaR
1097 2172 1161 2206 del.
1179 2171 1306 2206 Carrio
1325 2173 1336 2215 ΙἸ
1358 2174 1399 2204 18
1421 2173 1491 2216 (23)

154 2218 336 2252 ΤΕΙΜωΝ
360 2232 386 2251 ω
406 2220 417 2262 Η
438 2222 481 2252 20
502 2224 585 2262 post
610 2219 742 2264 philos
764 2230 807 2253 ecc
826 2219 852 2264 5
871 2223 890 2253 1
911 2219 1017 2253 verba
1036 2219 1139 2253 tenui
1160 2218 1254 2252 adm.
1276 2230 1310 2262 p.
1332 2218 1355 2252 f.
1377 2217 1491 2252 fuisse

152 2268 317 2308 repetunt
336 2278 363 2299 ω
377 2266 388 2311 Η
403 2270 445 2299 26
471 2265 1489 2300 ΒΙΒιΟΘΕΝΠὰΡΧΟΜΕΝΟΕΓΡὰΦΕΙΝΕΔΙΔὰΧΘΗΝ

152 2314 181 2343 V
207 2311 363 2355 (Graeca
388 2323 452 2347 om.
475 2313 563 2357 rell.)
