1591 2474
137 52 192 92 22
563 51 799 86 CAPITVLA
826 52 911 85 LIB.
939 51 997 85 IX.
1026 51 1057 85 X

219 157 323 200 VIII
361 158 593 200 Necessum
627 173 733 211 esse,
765 159 837 211 qui
871 159 1004 199 multa
1036 159 1205 212 habeat,
1239 158 1383 200 multis
1417 160 1475 199 in-

131 218 289 273 digere3
322 218 456 272 deque
488 232 536 258 ea
567 232 611 258 re
640 217 837 258 Favorini
870 217 1116 271 philosophi
1149 231 1243 258 cum
1272 218 1477 259 brevitate

129 277 312 332 eleganti
345 277 562 317 sententia.

218 334 279 375 IX
324 334 427 384 Quis
459 335 608 375 modus
642 334 696 374 sit
728 334 916 375 vertendi
949 334 1075 375 verba
1108 334 1151 375 in
1185 333 1352 375 Graecis
1385 349 1474 375 sen-

130 394 291 447 tentiis3
342 395 475 447 deque
518 393 583 433 his
628 392 803 433 Homeri
848 393 1057 445 versibus,
1108 407 1213 446 quos
1257 392 1474 448 Vergilius

130 453 305 493 vertisse
330 455 403 492 aut
430 452 535 492 bene
556 455 734 504 apteque
755 453 827 491 aut
848 452 1093 505 inprospere
1114 452 1379 492 existimatus
1400 454 1473 492 est.

218 511 257 551 X
295 510 417 559 Quod
449 509 648 550 Annaeus
681 508 892 550 Cornutus
926 524 1069 551 versus
1097 510 1287 565 Vergilii,
1321 510 1475 563 quibus

131 569 307 611 Veneris
341 573 381 610 et
407 568 589 609 Vulcani
623 568 896 609 concubitum
925 569 1075 621 pudice
1103 571 1331 622 operteque
1357 569 1477 619 dixit,

129 628 455 682 reprehensione
487 642 638 681 spurca
670 630 711 667 et
744 627 889 667 odiosa
922 627 1169 680 inquinavit.

220 685 279 727 XI
320 686 383 727 De
415 686 587 727 Valerio
621 684 822 739 Corvino,
854 688 895 726 et
927 686 1037 726 unde
1070 684 1286 726 Corvinus.

219 744 300 785 XII
339 745 402 786 De
434 745 585 797 verbis,
619 759 725 798 quae
756 744 799 784 in
830 746 1053 798 utramque
1078 747 1240 798 partem
1268 743 1477 799 significa-

130 804 245 845 tione
278 804 450 844 adversa
483 806 524 844 et
555 803 770 856 reciproca
803 803 1009 843 dicuntur.

218 861 322 903 XIII
366 861 507 902 Verba
541 877 591 902 ex
624 862 800 902 historia
833 860 981 902 Claudi
1014 861 1283 916 Quadrigari,
1323 860 1476 914 quibus

129 921 261 962 Manli
299 921 521 974 Torquati,
566 920 721 961 nobilis
766 920 1065 972 adulescentis,
1110 923 1151 961 et
1190 919 1326 960 hostis
1367 918 1477 960 Galli

130 980 400 1033 provocantis
432 994 618 1034 pugnam
653 978 853 1032 depinxit.

218 1038 320 1079 XIV
359 1038 481 1086 Quod
513 1038 623 1078 idem
651 1037 952 1092 Quadrigarius
986 1036 1127 1077 ‘huius
1159 1036 1301 1077 facies'
1336 1036 1474 1090 patrio

131 1111 228 1137 casu
267 1097 398 1151 probe
434 1100 475 1137 et
506 1096 657 1137 Latine
695 1096 819 1147 dixit3
857 1098 898 1136 et
931 1096 1134 1149 quaedam
1167 1095 1249 1136 alia
1281 1094 1475 1148 adposita

130 1156 180 1196 de
212 1155 415 1196 similium
448 1155 752 1195 vocabulorum
785 1154 1149 1195 declinationibus.

216 1214 297 1255 XV
334 1214 397 1254 De
431 1228 582 1269 genere
616 1212 937 1264 controversiae,
971 1213 1083 1266 quod
1116 1212 1272 1253 Graece
1304 1211 1476 1265 ἄπορον

130 1272 378 1327 appellatur.

216 1330 318 1372 XVI
363 1331 486 1380 Quod
520 1330 706 1371 Plinium
740 1329 998 1382 Secundum,
1036 1343 1122 1370 non
1158 1328 1374 1369 hominem
1415 1328 1474 1368 in-

131 1390 319 1442 doctum,
348 1389 527 1444 ,fugerit
569 1390 822 1441 latueritque
866 1389 1017 1429 vitium
1060 1387 1316 1443 argumenti,
1364 1387 1478 1440 quod

130 1447 422 1502 ἀντιστρέφον
455 1446 600 1488 Graeci
634 1448 788 1487 dicunt.

410 1589 727 1636 CAPITVLA
764 1589 936 1635 LIBRI
975 1588 1196 1634 DEOIMI

217 1681 236 1722 I
278 1682 555 1722 ‘Tertium’ne
588 1681 765 1721 ‘consul'
799 1696 853 1721 an
886 1680 1041 1721 ‘tertio’
1076 1680 1158 1720 dici
1191 1682 1401 1733 oporteat3
1435 1681 1477 1719 et

131 1755 315 1795 quonam
342 1741 467 1781 modo
492 1739 563 1781 Cn.
585 1740 826 1793 Pompeius,
852 1753 948 1779 cum
974 1740 1018 1779 in
1043 1738 1221 1790 theatro,
1248 1738 1362 1791 quod
1388 1740 1477 1778 erat

130 1800 414 1852 dedicaturus,
446 1799 627 1839 honores
660 1812 758 1839 suos
791 1798 1009 1850 scriberet,
1042 1796 1332 1850 quaestionem
1365 1795 1475 1836 anci-

130 1858 262 1912 pitem
295 1858 416 1898 istius
449 1858 566 1898 verbi
599 1858 648 1897 de
681 1856 859 1898 consilio
892 1855 1106 1897 Ciceronis
1139 1855 1344 1895 vitaverit.

219 1915 260 1956 II
297 1916 407 1965 Quid
432 1915 684 1957 Aristoteles
717 1916 766 1955 de
798 1929 974 1955 numero
1006 1913 1218 1968 puerperii
1250 1912 1479 1953 memoriae

133 1974 404 2015 mandaverit.

222 2032 285 2073 III
317 2033 527 2074 Locorum
556 2032 819 2086 quorundam
839 2031 1083 2071 inlustrium
1103 2029 1286 2070 conlatio
1309 2031 1479 2070 conten-

134 2091 281 2144 tioque
312 2092 423 2132 facta
455 2106 506 2131 ex
540 2091 801 2131 orationibus
834 2089 876 2130 C.
906 2088 1081 2130 Gracchi
1114 2091 1155 2129 et
1185 2088 1239 2128 M.
1264 2086 1477 2128 Ciceronis

137 2152 179 2190 et
209 2149 262 2190 M.
286 2148 468 2190 Catonis.

222 2207 284 2248 IV
335 2207 456 2256 Quod
494 2207 539 2248 P.
572 2206 772 2262 Nigidius
812 2206 1081 2261 argutissime
1126 2204 1270 2245 docuit
1306 2203 1481 2244 nomina

136 2280 222 2307 non
253 2267 436 2320 positiva
468 2280 576 2319 esse,
609 2266 680 2306 sed
711 2264 929 2306 naturalia.
