1591 2474
157 76 240 117 114
521 86 527 89 ⁴
765 75 799 108 Π
825 78 868 108 18

749 192 891 234 XVIII

156 276 260 318 Quod
286 276 460 309 Phaedon
487 274 692 308 Socraticus
719 285 840 307 servus
866 273 954 316 fuit3
987 273 1157 317 quodque
1183 273 1271 307 item
1298 272 1362 306 alii
1389 284 1486 307 com-

201 323 360 368 plusculi
387 322 599 356 servitutem
625 321 836 355 servierunt.

121 421 138 450 1
242 407 477 447 Phaedon
501 405 710 446 Elidensis
743 420 792 445 ex
825 404 997 445 cohorte
1022 405 1095 444 illa
1122 403 1380 445 Socratica
1403 403 1486 444 fuit

121 479 140 509 2
157 466 445 517 Socratique
495 467 535 505 et
577 463 783 504 Platoni
832 478 907 516 per
953 463 1035 503 fuit
1079 463 1308 503 familiaris.
1381 461 1486 503 Eius
1523 480 1538 505 5

155 525 316 567 nomini
347 524 492 564 Plato
529 523 684 563 librum
716 523 836 562 illum
869 522 1056 562 divinum
1089 522 1138 562 de
1169 521 1487 562 immortalitate

122 586 319 626 3animae
358 583 481 623 dedit.
541 580 582 622 Is
620 580 855 621 Phaedon
893 595 1034 620 servus
1071 580 1152 620 fuit
1188 580 1324 620 forma
1361 581 1488 632 atque

156 643 326 698 ingenio
367 641 532 681 liberali
570 643 627 692 et,
669 642 718 680 ut
754 640 923 691 quidam
962 639 1234 692 scripserunt,
1277 653 1301 678 a
1336 638 1487 679 lenone

122 703 327 743 4domino
359 715 464 754 puer
494 699 545 739 ad
576 699 819 739 merendum
853 700 1031 738 coactus.
1087 697 1198 738 Eum
1231 695 1384 738 Cebes
1414 695 1487 737 So—

157 761 335 802 craticus
371 759 567 799 hortante
600 756 806 797 Socrate
843 757 992 797 emisse
1027 756 1178 796 dicitur
1207 756 1541 808 habuissequeio

122 832 141 861 5
156 821 201 860 in
223 817 516 873 philosophiae
536 816 779 869 disciplinis.
829 814 969 867 Atque
989 815 1023 855 is
1044 818 1190 867 postea
1209 814 1487 868 philosophus

157 878 345 919 inlustris
376 877 468 928 fuit,
501 888 796 927 sermonesque
828 874 915 914 eius
948 874 997 914 de
1027 872 1231 914 Socrate
1262 873 1487 913 admodum

157 939 369 992 elegantes
399 936 607 989 leguntur.

123 1008 142 1037 6
244 995 331 1035 Alii
357 1007 524 1046 quoque
550 1007 636 1032 non
661 991 784 1044 pauci
810 991 917 1031 servi
939 990 1120 1042 fuerunt,
1146 990 1219 1042 qui
1238 992 1335 1043 post
1354 989 1488 1043 philo-

124 1067 141 1096 7
158 1055 282 1108 sophi
313 1053 413 1093 clari
445 1052 682 1092 extiterunt.
738 1049 803 1090 Ex
835 1049 988 1102 quibus
1013 1049 1084 1089 1116
1109 1048 1372 1101 Menippus
1397 1048 1490 1100 fuit,
1509 1065 1543 1090 15

159 1114 276 1154 cuius
307 1112 438 1152 libros
464 1110 517 1150 M.
545 1109 702 1150 Varro
735 1108 780 1149 in
811 1108 995 1148 saturis
1022 1108 1254 1148 aemulatus
1281 1109 1354 1160 est,
1386 1121 1489 1159 quas

159 1173 230 1213 alii
264 1170 511 1224 ‘cynicas’‚
543 1169 632 1221 ipse
664 1168 850 1220 appellat
883 1166 1215 1219 ‘Menippeas'.

124 1242 143 1271 8
248 1229 330 1270 Sed
378 1230 419 1269 et
468 1226 805 1280 Theophrasti
848 1225 1116 1278 Peripatetici
1166 1239 1307 1264 servus
1350 1223 1490 1264 Pom—

158 1290 305 1343 pylus
344 1290 385 1328 et
421 1286 635 1327 Zenonis
672 1283 803 1325 Stoici
841 1298 1001 1335 servus,
1039 1284 1111 1336 qui
1142 1282 1383 1323 Persaeus
1420 1296 1490 1323 vo—

161 1351 276 1388 catus
314 1349 394 1398 est,
437 1348 478 1385 et
514 1344 740 1397 Epicuri,
784 1343 850 1383 cui
887 1342 992 1396 Mys
1030 1356 1185 1382 nomen
1220 1341 1318 1394 fuit,
1355 1340 1491 1394 philo-
1510 1358 1545 1382 20

161 1406 283 1460 sophi
315 1419 400 1456 non
430 1403 659 1444 incelebres
691 1403 895 1442 vixerunt.

126 1477 145 1507 9
247 1464 498 1518 Diogenes
525 1462 651 1502 etiam
673 1460 888 1514 Cynicus
915 1460 1157 1500 servitutem
1179 1458 1359 1499 servivit.
1410 1456 1491 1498 Sed

160 1524 196 1564 is
227 1538 277 1564 ex
308 1523 503 1562 libertate
533 1521 578 1560 in
609 1520 852 1560 servitutem
884 1533 1036 1559 venum
1065 1518 1181 1557 ierat.
1237 1516 1369 1564 Quem
1395 1530 1490 1556 cum

162 1596 297 1623 emere
323 1581 450 1621 vellet
476 1579 685 1630 Ξενιάδης
705 1579 960 1630 Κορίνθιος,
989 1576 1138 1628 ecquid
1162 1575 1329 1615 artificii
1354 1575 1491 1615 novis—

163 1644 242 1693 set,
278 1641 548 1693 percontatus
588 1637 716 1677 ‘novi’
755 1636 894 1688 inquit
923 1635 1194 1689 Diogenes
1233 1633 1490 1673 ‘hominibus
1510 1649 1544 1675 25

256 1771 368 1810 4sqq.
401 1765 513 1798 Macr,
539 1764 554 1797 Ι
582 1768 635 1807 11,
662 1766 801 1796 41—44
831 1762 936 1806 Diog.
958 1761 995 1795 L.
1017 1761 1049 1794 Π
1069 1765 1099 1803 5,
1122 1765 1165 1794 14
1185 1763 1272 1805 (31);
1297 1764 1329 1802 9,
1351 1763 1367 1793 1
1396 1761 1491 1803 (105)

164 1814 262 1848 Suid.
290 1826 314 1847 s.
343 1825 373 1846 V.
400 1813 500 1846 Lact.
521 1812 604 1845 inst.
625 1810 675 1844 ΠΙ
695 1814 750 1853 25,
774 1813 814 1843 15
959 1812 1000 1842 15
1026 1808 1131 1852 Diog.
1153 1807 1190 1842 L.
1211 1807 1261 1841 VI
1280 1810 1312 1850 8,
1334 1811 1351 1840 1
1374 1808 1444 1851 (99)

166 1865 206 1895 16
239 1860 321 1894 xm
347 1864 402 1902 31,
431 1863 448 1892 1
594 1861 635 1892 18
651 1869 727 1900 sqq.
761 1856 865 1900 Diog.
892 1856 930 1889 L.
957 1855 990 1889 V
1015 1859 1047 1897 2,
1074 1858 1093 1887 3
1121 1856 1191 1899 (36)
1217 1854 1283 1887 VH
1305 1858 1335 1896 1,
1356 1857 1397 1887 31
1420 1854 1492 1898 (36)

164 1908 195 1941 Χ
216 1912 235 1940 2
257 1910 321 1951 (3);
348 1911 367 1940 5
389 1908 460 1950 (10)
609 1908 651 1938 22
668 1916 744 1947 sqq.
772 1903 877 1947 Diog„
898 1903 936 1936 L.
957 1902 1007 1936 VI
1026 1906 1058 1945 2,
1079 1905 1099 1935 4
1120 1904 1176 1945 (29
1199 1902 1264 1945 sq.)
1292 1900 1391 1934 Suid.
1413 1911 1438 1933 s.
1460 1911 1492 1933 v.

163 1955 339 1998 Diogenis
360 1953 402 1986 fr.
426 1957 485 1994 123
505 1956 589 1994 <2503
611 1955 676 1985 ‘268
697 1951 769 1984 Mu.

260 2074 279 2103 2
318 2070 382 2104 alii
415 2068 681 2115 (philosophi)
715 2068 861 2109 Car·rz'o;
888 2067 1002 2110 plura
1032 2077 1075 2099 εκ
1105 2065 1130 2110 §
1157 2067 1179 2098 6
1209 2065 1324 2107 suppl.
1351 2062 1495 2109 Hertzss

166 2122 187 2151 4
205 2117 374 2150 Phedron
387 2120 415 2149 V
436 2116 599 2149 Phedion
613 2119 642 2148 R
654 2116 665 2161 Η
680 2118 697 2148 7
724 2114 887 2159 phedron
904 2112 939 2157 (f.
954 2114 996 2155 R)
1010 2116 1074 2145 RV
1087 2112 1099 2158 Η
1113 2116 1155 2145 10
1181 2112 1387 2154 aluisseque
1401 2110 1492 2154 phil.

165 2165 264 2200 Lion
283 2165 293 2207 Η
316 2168 355 2197 11
394 2163 450 2196 1116
476 2167 536 2195 PV
555 2165 565 2206 ΙΙ
588 2165 629 2195 17
661 2162 802 2206 ginicas
835 2174 861 2193 ω
882 2163 892 2204 ΙΙ
913 2163 955 2193 18
986 2159 1197 2203 philostrati
1225 2159 1341 2192 Blacr.
1365 2158 1369 2200 Ι
1390 2167 1495 2201 pam-

166 2211 299 2255 phylus
325 2214 350 2243 P
381 2209 564 2254 pomplius
590 2213 618 2241 R
638 2210 648 2252 Ιι
668 2213 710 2241 23
744 2208 920 2242 seruitute
947 2220 972 2239 ω
1004 2210 1091 2239 recte
1118 2207 1234 2240 Illacr.
1256 2206 1267 2249 ΙΙ
1287 2207 1330 2237 24
1361 2205 1398 2237 et
1429 2204 1493 2246 qui

168 2259 271 2302 (quid
295 2257 338 2290 P3
366 2257 455 2300 quid
480 2257 511 2290 is
538 2258 572 2300 ς)
599 2258 664 2289 art.
692 2267 774 2289 nou.
802 2256 908 2297 (esset
931 2253 1094 2287 uouisset
1118 2254 1160 2297 R)
1185 2262 1279 2296 perc.
1308 2264 1334 2284 ω
1360 2250 1495 2294 ecquid

169 2307 235 2339 art.
256 2317 289 2338 n.
311 2314 405 2348 pere.
428 2304 482 2337 est
503 2304 620 2337 Macr.
648 2303 684 2335 et
710 2302 841 2345 ecquid
868 2312 897 2334 a.
919 2313 952 2333 n.
975 2299 1126 2346 (esset)
1152 2309 1247 2343 perc.
1270 2299 1382 2332 Hertz
