1618 2449
150 43 181 76 X
680 43 951 78 PRAEFATIO

149 149 225 191 PV
262 154 424 192 inferior
462 156 536 202 est,
574 167 664 191 nam
697 154 844 192 Graeca
881 156 1013 191 omnia
1047 156 1197 192 omittit
1228 156 1354 204 spatio
1386 154 1490 192 litte-

150 226 282 250 rarum
314 214 461 251 relicto.

238 272 399 309 Accedit
433 272 492 309 his
525 271 721 309 codicibus
753 272 1028 320 superstitibus
1059 272 1290 321 Hieronymi
1321 271 1491 315 Buslidii

104 331 245 382 ssliber
284 326 363 382 (β),
407 332 516 368 cuius
561 343 800 379 quamquam
844 331 1028 368 lectiones
1065 332 1275 368 nonnullae
1314 332 1431 368 etiam
1471 344 1490 367 e

150 390 261 426 libris
298 389 353 426 IX
391 390 425 426 X
463 389 556 426 XVI
593 389 705 426 XVII
740 389 873 426 XVIII
912 392 1080 426 aetatem
1118 390 1310 434 tulerunt,
1346 392 1491 437 tamen,

151 462 237 485 cuni
275 449 389 497 longe
418 449 598 497 'plurima
631 460 722 497 pars
755 448 804 485 ad
834 449 978 485 librum
1009 448 1027 484 I
1059 450 1272 497 pertineat,
1308 450 1388 485 iam
1419 448 1491 485 hoc

150 508 235 544 1000
260 509 500 555 pertractare
525 507 665 555 placet.
716 507 842 545 Huius
865 508 1049 544 notitiam
1069 509 1268 555 acceptam
1287 507 1491 544 referimus

151 567 321 602 maxima
359 578 378 602 e
416 568 527 614 parte
566 565 799 614 LCarrionig
841 578 967 614 pauca
1006 567 1253 603 contulerunt
1292 565 1492 613 Canterus,

151 625 392 671 Raevardus,
425 625 639 671 Fruterius,
673 624 842 674 Lipsius,
875 624 1103 674 Giphanius,
1136 625 1182 661 al.
1245 625 1492 662 Memorabili

151 686 252 721 certe
291 686 330 720 et
360 685 518 732 proprio
550 683 674 733 gradu
706 684 773 720 ille
805 684 904 721 liber
934 685 1037 720 inter
1069 685 1214 721 ceteras
1246 684 1491 721 membranas

152 744 240 779 siat.
296 743 399 779 Nam
432 755 518 779 cum
552 744 587 779 ei
617 742 710 780 illae
741 744 872 791 partes
905 742 1129 791 deperditae
1162 744 1333 791 capitum
1359 742 1378 778 I
1400 744 1422 779 2
1454 744 1493 779 et

152 804 174 837 3τί
208 802 330 838 insint
362 802 400 838 et
433 803 522 839 ante
554 804 797 850 protractum
830 802 1000 839 codicem
1031 803 1264 849 rescriptum
1295 802 1371 839 nisi
1400 801 1491 838 inde

149 872 225 897 non
258 861 511 906 innotuerint,
543 861 622 897 iam
654 872 740 908 spes
773 862 925 898 exsistit
950 860 1107 898 affinem
1131 861 1238 897 illius
1265 860 1356 897 libri
1381 872 1491 908 prae-

150 919 357 956 clarissimi
388 922 525 956 natum
558 932 651 965 esse,
684 922 785 956 certe
818 920 990 957 codicem
1022 919 1180 969 grandis
1213 921 1330 966 atque
1359 920 1490 968 gravis

149 977 340 1026 ponderis.
392 977 497 1021 Quae
524 990 610 1026 spes
638 979 910 1016 corroboratur
934 979 1043 1015 nobis
1063 978 1351 1015 invenientibus
1372 978 1491 1014 etiam

150 1036 283 1073 XVIII
311 1038 347 1083 9,
377 1039 396 1073 1
415 1049 498 1085 sqq.
537 1038 577 1073 in
617 1049 660 1074 eo
699 1037 780 1075 solo
818 1037 999 1074 lacunam
1036 1037 1141 1073 haud
1175 1038 1289 1085 parvi
1320 1036 1490 1073 ambitus

147 1096 380 1144 suppletam.
442 1096 630 1133 Attamen
669 1107 775 1144 spes,
811 1109 928 1144 quain
966 1097 1045 1133 iam
1084 1095 1326 1144 exploratam
1357 1096 1489 1144 opina-

150 1154 299 1201 bamur,
330 1167 399 1192 nos
431 1155 653 1192 frustratur.
711 1155 813 1192 Nam
844 1168 969 1202 neque
1001 1155 1182 1204 cognatio
1213 1155 1317 1191 inter
1340 1150 1377 1191 A
1403 1155 1442 1191 et
1467 1154 1491 1204 β

149 1215 271 1250 statui
307 1215 437 1262 potest
474 1215 662 1251 sexcentis
700 1214 794 1251 locis
831 1215 934 1251 inter
972 1226 1010 1251 se
1049 1214 1329 1261 discrepantes,
1366 1226 1490 1260 neque

150 1284 245 1320 quas
295 1274 472 1321 proprias
522 1273 707 1310 lectiones
751 1273 775 1323 β
819 1273 990 1319 exhibet,
1035 1273 1172 1310 ceteris
1218 1272 1490 1309 anteferendae

148 1330 340 1368 videntur.
408 1332 511 1368 Nam
548 1332 740 1380 plurimae
778 1333 835 1368 ita
871 1332 1195 1380 interpolatorem
1234 1331 1408 1379 sapiunt,
1446 1332 1491 1367 ut

149 1391 267 1426 etiam
289 1391 329 1426 in
350 1391 511 1438 reliquis
532 1391 668 1427 ducem
687 1390 850 1426 infidum
871 1391 981 1438 sequi
1001 1390 1231 1427 dubitemus.
1283 1390 1335 1426 Et
1355 1401 1490 1437 quam-

148 1461 266 1496 quam
297 1461 374 1486 non
406 1451 535 1498 ipsum
568 1448 793 1486 Cari-ionem
824 1449 972 1486 fraudis
998 1449 1220 1486 insimulari
1245 1460 1356 1497 posse
1381 1450 1490 1496 puto,

148 1507 251 1555 quod
295 1508 474 1544 nonnulli
517 1508 694 1545 fecerunt
729 1529 777 1533 —-
813 1521 903 1544 nam
947 1509 1066 1545 etiam
1111 1507 1251 1544 menda
1292 1507 1432 1544 calami
1470 1520 1489 1544 e

148 1565 277 1603 codice
314 1567 383 1604 1110
423 1568 461 1604 et
495 1567 614 1604 verba
646 1568 788 1604 omissa
819 1567 986 1615 protulit
1016 1579 1158 1614 neque,
1197 1578 1296 1614 quae
1327 1567 1490 1613 invenit,

147 1627 278 1662 omnia
308 1627 391 1674 ipse
422 1626 564 1674 probat
593 1647 658 1673 —,
688 1628 821 1663 tamen
847 1625 976 1663 codice
1005 1637 1097 1662 usus
1124 1626 1183 1662 est
1207 1637 1345 1662 manus
1369 1625 1488 1661 inter-

146 1685 335 1732 polatoris
379 1696 560 1733 perpesso
606 1686 763 1732 eiusque
809 1684 966 1721 audacis
1008 1684 1123 1721 simul
1162 1685 1201 1721 et
1236 1684 1378 1732 inepti,
1421 1684 1490 1731 qui

146 1742 163 1778 I
194 1745 229 1789 7,
258 1744 280 1780 9
315 1756 402 1780 011111
433 1744 532 1780 illud
564 1742 618 1782 Ol.
647 1738 936 1795 (Quadriyarii)
969 1743 1192 1781 dissolverit
1222 1744 1262 1779 in
1294 1743 1489 1780 centesimo

146 1802 467 1850 quinquagesimo,
502 1804 624 1840 risum
655 1804 813 1839 moveat
844 1803 905 1839 vel
937 1797 1111 1854 tironil),
1144 1814 1230 1838 cum
1262 1802 1355 1838 tunc
1388 1800 1489 1848 Qua-

147 1860 312 1907 <firmarii
348 1862 454 1898 tertio
492 1862 668 1908 omittat,
707 1861 925 1898 consultam
963 1873 1073 1898 suam
1110 1860 1244 1909 prodit
1276 1860 1487 1907 interpola-

146 1920 304 1958 tionem.
360 1919 468 1956 Idem
501 1932 590 1957 cum
616 1921 817 1968 scripserit
841 1920 860 1956 I
889 1922 924 1967 9,
953 1920 975 1957 3
1004 1920 1096 1966 qum
1122 1922 1155 1956 et
1178 1920 1324 1965 tempus
1348 1921 1488 1955 certum

146 1979 345 2021 statuebat,
372 1981 413 2015 ut
438 1981 611 2023 tacerent,
637 1990 714 2016 non
739 1979 780 2015 in
805 1989 933 2015 omnes
957 1978 1067 2022 idem,
1092 1979 1157 2015 secl
1183 1977 1271 2014 aliis
1290 1977 1399 2013 aliud
1411 1988 1486 2023 pro

148 2066 155 2072 .
178 2067 183 2073 .
207 2067 213 2073 .
240 2037 300 2074 Iis
330 2039 457 2074 <minem
486 2038 551 2084 qui
576 2038 748 2074 tacebant
773 2040 806 2074 ez}
830 2049 927 2083 quae
952 2049 1029 2085 eqs.
1056 2036 1158 2073 unde
1184 2037 1397 2073 commotus
1425 2036 1487 2081 sit,

147 2096 290 2132 collata
321 2096 561 2144 reliquorum
592 2096 758 2133 lectione
790 2096 904 2133 facile
936 2096 1191 2144 intellegitur,
1225 2096 1320 2131 item
1351 2093 1370 2129 I
1397 2094 1434 2140 5,
1464 2096 1481 2130 1

146 2156 291 2192 sincero
323 2157 356 2192 et
388 2149 474 2205 (cfr.
501 2150 537 2192 R
563 2150 754 2206 cereoque)
788 2156 826 2191 et
861 2156 925 2201 15,
955 2157 973 2190 1
1004 2154 1199 2200 aptissimo
1224 2153 1310 2189 uehi
1337 2147 1422 2203 (cfr.
1450 2147 1486 2188 R

242 2280 275 2323 1)
302 2278 479 2312 Similiter
503 2278 518 2311 Ι
541 2282 594 2321 13,
618 2281 636 2311 7
662 2279 723 2313 cui
747 2290 769 2312 (ι
796 2289 867 2322 rep.
894 2288 959 2321 pro
986 2278 1069 2312 cuia
1097 2288 1160 2311 res.
