1617 2484
690 53 723 87 Π
749 58 809 96 22:
837 58 879 87 23
1370 56 1452 97 1⁶23

114 161 218 203 caeli
238 161 410 214 spirant,
429 161 697 215 rationesque
712 163 900 203 omnium
916 162 1230 215 vocabulorum,
1252 164 1450 215 quoniam

114 221 208 273 plus
245 220 372 274 paulo
410 220 570 271 adbibi,
608 221 855 269 effutissein,
894 222 974 262 nisi
1012 222 1144 262 multa
1182 222 1265 262 13111
1302 237 1451 275 prosus

113 279 309 320 omnibus
341 279 461 320 vobis
493 279 765 320 reticentibus
798 280 924 320 verba
950 280 1154 332 fecissem,
1187 282 1306 333 quasi
1333 282 1452 322 fieret

111 352 135 378 a
162 352 228 379 me
248 337 452 390 ἀκρόασις
473 337 745 391 ἐπιδεικτική.
796 337 845 378 111
866 340 1059 380 convivio
1080 342 1219 380 autem
1240 341 1449 392 frequenti
1466 352 1508 381 ‘26

76 413 90 438 5
110 396 228 450 loqui
261 397 396 437 solum
430 411 558 437 unum
593 411 727 449 neque
759 397 985 439 honestum
1018 399 1093 439 est'
1128 399 1266 451 inquit
1300 399 1450 452 ‘neque

111 455 406 496 commodum?

198 513 314 555 Haec
350 514 472 555 nobis
505 513 783 555 Favorinus
824 515 866 555 in
898 530 964 567 ec,
1003 530 1085 568 quo
1120 516 1222 568 dixi,
1260 519 1449 569 tempore
1465 528 1507 558 27

109 573 220 626 apud
261 587 447 613 mensam
486 587 604 613 Suam
644 588 807 613 summa
845 588 940 614 cum
979 575 1186 627 elegantia
1225 576 1449 616 verborum

108 632 323 685 totiusque
367 633 571 672 sermonis
616 633 814 673 comitate
857 636 984 686 atque
1029 634 1163 685 gratia
1202 635 1448 674 denarravit.

57 708 89 733 10
111 689 209 743 Sed,
241 691 354 743 quod
385 691 444 730 ait
475 694 665 743 ventum,
698 692 771 744 qui
803 706 853 732 ex
884 694 995 732 terra
1028 690 1162 732 Gallia
1195 693 1325 745 flaret,
1359 693 1448 733 ‘cir-
1464 704 1507 734 28

110 750 235 790 cium’
258 749 476 803 appellari,
496 749 550 789 M.
572 749 692 790 Cato
720 751 764 790 in
783 750 932 791 libris
955 751 1208 805 originum
1224 753 1295 803 (fr.
1310 755 1364 792 93
1379 752 1449 802 P.)

107 823 203 849 eum
223 811 396 850 ventum
418 809 630 849 ‘cercium'
654 809 766 862 dicit,
787 824 873 849 non
894 810 1111 850 ‘cii-cinin'.
1152 809 1260 850 Nam
1285 825 1379 851 cum
1399 811 1448 851 de
1464 822 1506 851 29

107 866 308 920 Hispanis
332 867 543 915 scriberet,
570 868 642 920 qui
663 869 766 908 citra
787 868 993 909 Hiberum
1015 870 1172 920 colunt,
1199 869 1325 909 verba
1346 869 1449 910 haec

108 926 265 978 posuit:
300 924 384 967 Set
415 926 464 966 in
496 925 572 967 his
601 927 899 981 regionibus
925 928 1194 980 ferrareae,
1226 929 1449 981 argenti—

54 1002 85 1027 15
106 984 308 1026 fodinae
347 984 736 1038 pulcherrimae,
774 1000 913 1027 mons
952 1001 1008 1028 ex
1046 987 1148 1027 sale
1187 1001 1319 1027 mero
1353 1002 1448 1027 nia-

106 1058 249 1097 gnus3
271 1046 511 1096 quantum
533 1045 714 1097 demas,
735 1047 929 1085 tantum
950 1045 1210 1086 adcrescit.
1255 1045 1447 1086 Ventus

106 1102 318 1155 cercius,
350 1117 457 1144 cum
484 1103 711 1156 loquare,
744 1104 948 1145 buccam
975 1105 1171 1157 implet,
1203 1107 1446 1146 armatum

105 1160 372 1213 hominem,
404 1162 687 1214 plaustrum
721 1165 980 1204 oneratum
1014 1164 1263 1216 percellit.

193 1218 315 1268 Quod
353 1235 479 1273 supra
517 1223 657 1261 autem
691 1222 776 1261 dixi
809 1221 978 1274 ἐτησίας
1010 1237 1060 1263 ex
1092 1222 1173 1262 alia
1206 1225 1332 1275 atque
1364 1223 1446 1263 3113
1462 1233 1506 1263 30

53 1296 86 1321 20
107 1279 211 1319 caeli
242 1281 360 1332 parte
392 1279 504 1328 flare,
536 1279 639 1320 haut
672 1281 758 1320 scio
791 1295 844 1321 an
876 1283 1043 1321 secutus
1071 1281 1314 1333 opinionem
1341 1282 1447 1322 mul—

105 1340 245 1378 torum
278 1340 433 1378 temere
462 1339 650 1379 dixerim.
705 1338 749 1379 P.
783 1340 894 1380 enim
921 1338 1120 1394 Nigidii
1152 1340 1196 1379 in
1228 1340 1445 1380 secundo
1461 1351 1503 1381 31

104 1396 368 1449 librorum,
400 1411 505 1449 quos
533 1397 587 1438 de
614 1401 762 1438 vento
790 1399 1040 1451 composuit,
1066 1398 1193 1439 verba
1218 1398 1322 1439 haec
1348 1402 1446 1439 sunt

104 1455 175 1507 (fr.
201 1458 282 1496 104
314 1455 432 1509 Such
476 1455 538 1496 Et
583 1455 781 1509 ἐτησίαι
820 1460 867 1497 61
904 1458 1065 1498 austri
1104 1458 1442 1498 anniversarii

105 1514 321 1555 secundo
354 1515 459 1555 sole
490 1515 631 1555 flant.
689 1514 1048 1557 Considerandum
1081 1516 1212 1571 igitur
1238 1519 1311 1569 est,
1345 1517 1445 1570 quid

51 1589 84 1615 25
105 1573 159 1613 sit
191 1573 407 1613 secundo
441 1574 556 1614 sole.

701 1667 845 1708 XXIII

104 1740 334 1776 Consultatio
356 1741 649 1785 diiudicatioque
669 1742 833 1776 locorum
852 1742 953 1776 faeta
973 1753 1017 1776 ex
1037 1743 1228 1777 comoedia
1248 1743 1443 1778 Menandri

151 1788 188 1821 et
213 1787 382 1831 Caecilii,
410 1799 504 1832 quae
530 1789 697 1823 Plocium
722 1790 901 1833 inscripta
927 1792 992 1824 est.

194 1865 509 1908 Comoedias
544 1868 783 1908 lectitamus
815 1871 1127 1909 nostrorum
1158 1872 1443 1923 poetarum
1483 1881 1500 1910 1

48 1942 83 1967 30
103 1928 292 1979 sumptas
330 1939 378 1966 36
415 1940 554 1966 versas
593 1926 643 1966 de
681 1924 848 1967 Graecis
892 1927 1162 1968 Menandro
1201 1931 1273 1968 aut
1304 1928 1443 1969 Posi-

104 1984 255 2038 dippo
294 1987 367 2025 aut
403 1983 718 2038 Apollodoro
757 1988 830 2026 aut
860 1984 1071 2027 Alexide
1110 1989 1151 2027 et
1189 1987 1441 2040 quibusdam

102 2043 204 2083 item
235 2043 329 2083 aliis
362 2044 545 2084 comicis.
606 2042 774 2097 Neque,
809 2058 905 2085 cum
936 2044 1116 2100 legimus
1150 2059 1231 2098 eas,
1262 2046 1441 2087 nimium

1480 2057 1498 2086 N.)

196 2149 216 2179 2
237 2145 488 2191 effus(s)isse1n
502 2160 528 2180 ω
542 2158 630 2182 corr.
646 2148 814 2182 Gebhard
827 2147 1039 2183 effudissem
1053 2160 1072 2185 ς
1086 2149 1097 2194 ΙΙ
1111 2152 1130 2182 3
1152 2150 1274 2195 quasi]
1290 2161 1311 2187 ς
1325 2161 1398 2194 qua
1411 2153 1441 2184 B.

102 2203 215 2236 quam
244 2197 305 2226 Pv
324 2196 334 2237 ΙΙ
354 2197 375 2228 4
415 2194 793 2229 ΕΠΙΔ1ΚΤΙὰΙΟΤὲΚό,
823 2199 885 2228 Pv
917 2207 1005 2230 corr.
1034 2207 1054 2233 ς
1074 2198 1085 2239 ΙΙ
1106 2200 1124 2229 7
1163 2197 1262 2240 quod
1295 2197 1359 2231 dix
1383 2201 1412 2230 V
1431 2199 1441 2241 Η

105 2243 147 2273 16
176 2240 405 2284 ador(r)escit
427 2244 488 2274 PR
507 2242 518 2284 ΙΙ
540 2245 581 2275 19
608 2241 703 2276 dixit
723 2263 766 2267 —
787 2242 923 2276 dixerit
945 2243 1006 2277 Gr.
1028 2244 1039 2286 Η
1059 2246 1102 2277 20
1129 2244 1191 2289 an]
1211 2247 1242 2276 R
1267 2246 1332 2278 aut
1350 2248 1411 2278 Pv
1430 2246 1441 2289 ΙΙ

103 2289 146 2320 ‘28
172 2286 339 2332 plogium
358 2291 419 2321 PV
439 2290 449 2332 ΙΙ
469 2291 512 2321 30
539 2289 683 2332 posidio
704 2292 765 2322 PV
790 2289 1002 2333 possidonio
1022 2293 1051 2322 R
1076 2301 1164 2324 corr.
1186 2291 1263 2324 edd.
1286 2295 1362 2325 veta
