1617 2484
58 717 89 740 10

57 1302 91 1325 2⁴)

727 65 757 98 V
786 68 826 97 18
1363 62 1446 102 235

197 173 260 214 Ita
301 173 528 213 ‘historias’
569 172 734 224 quidem
776 186 864 211 esse
903 171 1021 211 aiunt
1058 186 1194 211 rerum
1236 173 1448 223 gestarum
1465 178 1484 208 6

109 233 176 273 vel
220 232 527 285 expositionem
573 232 639 271 vel
683 230 1085 270 demonstrationem
1131 230 1196 269 vel
1241 243 1323 281 quo
1365 229 1448 268 alio

109 291 279 331 nomine
311 290 353 330 id
385 289 609 330 dicendum
641 291 721 341 est,
757 288 956 328 ‘annales'
992 302 1089 328 vero
1123 302 1223 339 esse,
1256 301 1350 327 cum
1385 301 1449 327 res

110 352 251 403 gestae
308 348 494 401 plurium
549 362 755 387 annorum
813 347 1034 387 observato
1092 347 1294 399 cuiusque
1350 345 1449 385 anni

110 408 254 448 ordine
304 407 500 459 deinceps
551 407 872 459 componuntur.
949 403 1053 444 Cum
1104 419 1202 444 vero
1248 418 1332 444 non
1377 418 1451 456 per
1466 411 1484 440 7

109 479 259 517 annos,
294 464 365 505 sed
398 479 472 518 per
503 465 590 504 dies
624 465 813 517 singulos
846 478 910 503 res
943 466 1085 516 gestae
1119 463 1369 513 scribuntur,
1403 476 1450 502 ea

109 524 285 565 historia
301 522 459 563 Graeco
481 523 686 563 vocabulo
708 520 914 575 ἐφημερὶς
934 522 1098 574 dicitur,
1119 521 1236 561 cuius
1250 520 1448 561 Latinum

109 583 529 635 interpretamentum
575 581 777 634 scriptum
823 583 886 620 est
926 580 970 620 in
1013 580 1145 620 libro
1186 578 1449 633 Semprdni

109 640 390 681 Asellionis
417 640 577 693 primo
604 639 674 691 (fr.
696 639 819 690 111),
851 653 901 679 ex
929 652 1012 691 quo
1038 639 1147 678 libro
1176 639 1297 691 plura
1324 638 1450 678 verba

110 699 391 752 ascripsimus,
421 702 468 739 ut
494 698 631 750 simul,
657 697 813 738 ibidem
841 697 942 749 quid
969 697 1058 749 ipse
1084 698 1194 737 inter
1219 711 1283 736 res
1311 699 1449 750 gestas

110 760 151 798 et
181 758 352 798 annales
385 771 474 797 esse
507 757 676 808 dixerit,
710 756 1036 796 ostenderemus.

197 815 379 856 Verum
424 816 558 855 inter
601 829 700 866 eos,
745 815 883 867 inquit
927 814 1011 866 qui
1052 814 1258 853 annales
1296 813 1448 853 relin-
1465 818 1484 848 8

110 889 259 928 quere
280 874 582 925 voluissent,
603 876 650 913 et
670 887 769 924 eOS,
785 873 867 926 qui
888 887 964 912 res
986 875 1154 926 gestas
1175 887 1198 912 a
1214 871 1450 912 Romanis

110 933 425 986 perscribere
465 932 633 973 conati
672 935 857 983 essent,
900 931 1118 970 omnium
1156 945 1319 970 rerum
1358 930 1451 970 hoc

75 1009 89 1032 3
111 991 359 1032 interfuit.
410 989 631 1031 Annales
658 990 780 1030 libri
807 989 1173 1041 tantummodo,
1195 988 1326 1041 quod
1351 988 1451 1028 fac-

110 1053 212 1090 tum
240 1063 436 1102 quoque
462 1063 589 1089 anno
617 1051 811 1103 gestum
840 1048 922 1099 sit,
943 1062 996 1087 ea
1023 1047 1451 1099 demonstrabant,

110 1108 159 1148 id
190 1110 265 1148 est
297 1107 439 1160 quasi
473 1107 557 1159 qui
590 1107 802 1147 diarium
830 1106 1077 1158 scribunt,
1105 1120 1248 1158 quam
1276 1104 1452 1145 Graeci

111 1165 399 1220 ἐφημερίὸα
434 1168 627 1206 vocant.
691 1164 851 1205 Nobis
890 1179 987 1204 non
1019 1165 1160 1204 modo
1195 1164 1318 1204 satis
1351 1178 1452 1204 esse

110 1225 274 1277 video,
312 1224 443 1277 quod
480 1223 668 1264 factum
707 1225 857 1275 esset,
895 1223 942 1262 id
981 1223 1330 1276 pronuntiare,
1370 1222 1453 1262 sed

112 1283 279 1335 etiam,
300 1296 395 1335 quo
423 1283 640 1323 consilio
668 1296 863 1335 quaque
884 1281 1082 1321 ratione
1103 1284 1245 1334 gesta
1265 1284 1451 1333 essent,

111 1341 466 1382 demonstrare.
529 1340 661 1381 Paulo
701 1343 798 1393 post
834 1340 945 1380 idem
977 1338 1173 1379 Asellio
1206 1340 1251 1379 in
1282 1340 1486 1380 eodem9

111 1400 243 1440 libro
275 1400 347 1451 (fr.
373 1398 512 1452 2P.):
549 1398 673 1439 Nam
711 1412 871 1451 neque
909 1398 1185 1438 alacriores
1224 1398 1363 1450 inquit
1395 1396 1453 1437 ad

111 1458 477 1512 rempublicam
509 1457 876 1498 defendundain
909 1471 1069 1508 neque
1102 1456 1363 1511 segniores
1395 1455 1453 1496 ad

112 1531 211 1558 rem
244 1530 503 1570 perperam
535 1516 821 1556 faciundam
855 1515 1060 1555 annales
1092 1514 1214 1554 libri
1241 1528 1453 1554 commo-

58 1593 89 1617 2‘
112 1590 225 1616 vere
252 1574 519 1628 quicquam
539 1576 762 1628 possunt.
810 1572 1041 1613 Sciibere
1062 1576 1244 1625 autem,
1265 1572 1453 1613 bellum

114 1634 296 1674 initum
323 1646 418 1685 quo
445 1633 651 1673 consule
678 1635 724 1673 et
751 1647 845 1686 quo
873 1632 1159 1672 confectum
1186 1632 1252 1672 sit
1275 1634 1322 1671 et
1342 1631 1453 1683 quis

113 1690 432 1745 triumphans
458 1691 722 1731 introierit
748 1705 803 1731 ex
830 1704 903 1743 eo,
935 1690 1011 1742 <et
1037 1690 1120 1743 eo>
1146 1690 1298 1742 libro,
1330 1703 1454 1742 quae

115 1897 158 1927 17
186 1846 432 1927 11311314ξίῗ.
454 1846 469 1879 Ι
489 1850 544 1889 43,
566 1850 585 1880 3
601 1858 652 1890 sq.
681 1845 791 1880 schol.
814 1845 898 1879 Luc.
921 1845 971 1878 ΠΙ
991 1848 1057 1879 312
1085 1844 1173 1879 CGL
1194 1844 1318 1886 V172;
1340 1847 1408 1878 524

204 1905 234 1927 si
265 1922 270 1926 .
375 1921 382 1935 ,

211 2049 230 2078 3
257 2046 296 2079 id
322 2043 530 2089 appelletur
554 2047 583 2076 R
602 2046 613 2087 11
636 2048 675 2077 11
703 2044 879 2078 interesse
900 2043 1103 2086 Stephanus
1121 2045 1132 2086 11
1154 2046 1195 2076 12
1222 2042 1384 2084 Verbum
1402 2044 1457 2085 RH

118 2096 159 2126 13
181 2103 224 2126 a
240 2092 281 2125 R.
303 2092 461 2125 scribere
481 2091 557 2134 (sic)
571 2094 601 2123 R
619 2092 631 2134 11
652 2095 693 2123 15
715 2092 861 2124 tantum
874 2093 899 2122 P
922 2092 925 2134 1
949 2090 1039 2133 quid
1053 2110 1097 2114 —
1112 2091 1208 2124 esset
1222 2089 1434 2133 Nipperdey
1446 2091 1457 2133 11

119 2143 160 2173 16
182 2139 274 2172 dem.
290 2139 355 2181 ita,
376 2137 482 2181 quasi
496 2137 621 2182 ιῙαῘιη11
636 2140 676 2170 19
699 2137 789 2180 quid
803 2137 916 2180 Nipp.
930 2136 1000 2182 1123
1021 2136 1300 2181 ἀεὲυῃοΙαῑηΒ11
1314 2139 1357 2169 24
1375 2146 1457 2179 pro-

116 2185 277 2229 positam
295 2184 448 2230 Jacobin
462 2187 505 2217 25
532 2195 571 2226 q:
596 2194 707 2226 quam
727 2187 757 2216 R
776 2194 1000 2226 quemquam
1018 2182 1434 2228 Blayowesehtschensky
1446 2182 1459 2228 11

118 2236 161 2266 26
188 2234 225 2266 et
251 2242 397 2283 quoquo
416 2234 447 2264 R
465 2232 477 2275 11
498 2234 539 2264 27
567 2232 604 2264 et
630 2231 766 2274 (malzm
786 2230 863 2273 sed)
887 2241 929 2264 eo
950 2230 1034 2264 add
1056 2230 1169 2265 Hertz
1196 2230 1280 2264 exin
1300 2240 1342 2263 eo
1362 2228 1456 2262 libro

118 2295 213 2327 quae
233 2278 360 2319 Pluess
385 2295 428 2318 ex
455 2294 497 2317 eo
523 2282 621 2317 bello
648 2293 817 2327 quaeque
837 2283 941 2317 Peter
