1617 2484
701 59 750 92 IV
780 63 817 92 17
1341 61 1425 100 205

151 167 287 221 eripe
313 182 384 208 me
410 167 505 221 his,
526 168 731 220 invicte,
751 168 896 208 malis
924 170 1007 208 aut
1027 170 1076 208 tu
1099 166 1220 208 mihi
1241 171 1423 208 terram

152 227 301 280 inice,

92 309 152 349 sie
183 322 272 349 esse
305 309 471 361 ‘iniice',
503 312 550 349 ut
579 324 704 362 supra
730 309 828 361 dixi,
862 311 902 348 et
929 309 1193 349 scribendum
1220 311 1261 349 et
1286 309 1424 363 legen-

93 369 191 408 dum
225 368 415 421 soiamus,
447 368 525 408 nisi
560 368 654 421 quis
686 370 771 408 tam
805 367 997 408 indocilis
1031 371 1103 420 est,
1135 368 1238 420 <ut>
1271 368 1314 408 in
1347 368 1425 408 hoe

57 445 71 469 5
93 441 260 480 quoque
279 427 406 467 verbo
429 427 501 466 ‘in'
525 427 878 480 praepositionem
900 427 1019 466 metri
1044 428 1177 481 gratia
1191 427 1424 480 protendat.

181 485 428 534 Quaerimus
455 486 595 539 igitur,
621 486 664 525 in
692 485 912 526 ‘obicibus'
943 500 965 525 o
992 486 1131 526 littera
1159 500 1240 539 qua
1262 486 1425 526 ratione
1442 500 1483 529 10

92 545 345 598 intendatur,
372 560 464 585 011111
493 545 535 585 1(1
561 544 813 585 vocabulum
839 544 998 584 factum
1026 545 1080 585 sit
1105 560 1128 585 a
1154 545 1281 585 verbo
1307 544 1425 585 ‘obii-

93 604 173 644 cio'
213 606 255 644 ot
292 618 555 656 nequaquam
596 604 732 644 simile
771 604 843 656 sit,
882 604 993 656 quod
1029 618 1051 643 a
1084 603 1210 644 verbo
1245 604 1424 644 ‘moveo’

95 662 265 703 ‘motus’
297 678 320 703 o
345 663 485 703 littera
511 663 637 716 longa
665 662 827 703 dicitur.
883 661 1089 715 Equidem
1119 663 1291 703 memini
1319 661 1426 703 Sul-
1444 678 1482 707 11

41 738 73 762 10
93 721 279 775 picium
324 720 689 775 Apollinarem,
737 722 872 761 virum
917 722 1147 774 praestanti
1191 722 1425 762 litterarum

94 780 278 833 scientia,
311 779 482 821 ‘obices’
515 783 556 821 et
590 780 811 821 ‘obicibus’
847 795 870 820 o
896 780 1036 820 littera
1063 783 1254 833 correpta
1280 780 1427 833 dicere,

93 840 137 879 in
167 838 397 893 Vergilio
431 854 598 893 quoque
631 840 689 879 sio
720 853 815 880 euin
847 838 986 893 legere
1020 846 1071 891 (gy.
1093 839 1147 879 II
1165 842 1285 892 ww:

619 936 711 974 qua
743 922 790 962 vi
822 921 976 962 maria
1009 922 1111 962 alta
1144 924 1427 962 tumescant

153 980 384 1021 obicibus
415 981 598 1034 ruptis3

42 1081 73 1105 15
94 1063 165 1103 sed
212 1063 287 1115 ita,
337 1065 384 1102 ut
428 1063 627 1116 diximus,
678 1064 690 1102 i
733 1063 935 1115 litteram,
987 1077 1092 1116 quae
1136 1063 1179 1103 in
1222 1063 1427 1103 vocabulo
1445 1077 1484 1106 1-2

94 1135 262 1174 quoque
299 1122 465 1175 gemina
504 1136 592 1162 esse
631 1122 771 1175 debet,
814 1123 940 1175 paulo
978 1122 1148 1162 uberius
1185 1122 1428 1175 largiusque

93 1180 405 1234 pronuntiabat.

182 1237 427 1294 Congruens
458 1240 589 1294 igitur
620 1242 694 1292 est,
725 1242 772 1279 ut
802 1239 995 1280 ‘subices’
1024 1240 1162 1292 etiam,
1196 1239 1308 1292 quod
1334 1254 1427 1293 pro·
1445 1254 1485 1283 13

94 1297 189 1338 inde
226 1301 274 1338 ut
312 1298 482 1339 ‘obices’
523 1299 803 1352 compositum
842 1301 922 1351 est,
961 1314 986 1338 u
1024 1299 1164 1339 littera
1200 1299 1315 1339 brevi
1347 1299 1428 1339 dici

41 1374 75 1399 20
97 1359 299 1410 oporteat.
362 1356 554 1397 Ennius
586 1358 629 1397 in
662 1358 939 1412 tragoedia,
973 1372 1078 1410 quae
1108 1356 1336 1398 Achilles
1368 1358 1486 1400 iii-14

95 1415 302 1469 scribitur,
338 1416 535 1456 subices
568 1430 644 1469 pro
677 1431 769 1457 aere
801 1417 886 1456 alto
918 1417 1050 1469 ponit,
1083 1417 1155 1469 qui
1187 1417 1302 1457 caelo
1335 1416 1429 1457 sub-

95 1475 229 1515 iectus
262 1477 341 1528 est,
374 1475 418 1515 in
449 1474 513 1515 his
546 1475 734 1515 versibus
768 1480 819 1528 (v.
839 1473 988 1528 2R.²†):

455 1572 540 1611 per
572 1572 661 1611 ego
695 1557 833 1598 de'um
868 1557 1110 1598 sublimas
1144 1558 1340 1598 subices

154 1615 399 1669 humidas,
438 1617 565 1657 unde
604 1617 765 1656 Oritur
802 1616 959 1657 imber
996 1617 1166 1656 sonitu
1203 1630 1348 1657 saevo
1382 1619 1430 1656 et

43 1691 75 1716 25
938 1675 1142 1728 spiritu,

96 1757 320 1810 plerosque
347 1771 490 1797 omnes
516 1760 659 1798 tamen
682 1758 820 1812 legere
841 1757 986 1797 audias
1007 1773 1033 1796 u
1053 1758 1193 1797 littera
1214 1757 1427 1810 producta.

96 1814 144 1855 Id
180 1815 320 1869 ipsum
358 1818 498 1856 autem
535 1816 710 1856 verbum
742 1815 796 1856 M.
824 1814 945 1856 Cato
985 1816 1061 1855 sub
1100 1817 1181 1856 alia
1219 1816 1430 1870 praeposi-
1446 1828 1487 1857 15

97 1875 212 1914 tione
256 1874 358 1915 dicit
402 1875 445 1914 in
489 1875 734 1927 oratione,
779 1889 904 1928 quam
943 1875 997 1915 de
1037 1875 1302 1915 consulatu
1342 1889 1428 1915 suo

96 1933 246 1973 habuit
279 1933 326 1985 (I
350 1933 472 1985 θεῇς
511 1933 581 1973 ita
611 1933 700 1974 hos
732 1934 871 1987 inquit
901 1934 1000 1974 fert
1032 1936 1210 1974 ventus
1242 1934 1299 1974 ad
1331 1935 1430 1987 pri-

194 2076 234 2105 10
260 2072 378 2105 Amin.
394 2072 509 2106 XXIX
526 2076 555 2115 1,
571 2076 589 2106 9
723 2076 766 2106 23
792 2073 887 2106 Fest.
902 2084 937 2116 p.
953 2075 1031 2115 305,
1048 2076 1090 2106 23
1110 2072 1202 2106 Non.
1218 2073 1298 2116 Hp.
1318 2076 1394 2116 169,
1411 2077 1429 2105 3

193 2204 212 2234 3
232 2201 328 2235 inice
344 2202 429 2247 (0114
447 2203 490 2235 ut
509 2202 591 2236 add.
608 2201 682 2247 6117
699 2202 818 2235 obicio
833 2202 964 2246 (1101»)
980 2215 1005 2235 ω
1018 2202 1030 2247 Η
1046 2206 1087 2236 15
1102 2203 1140 2236 in
1155 2202 1280 2248 <hoe>
1297 2204 1408 2237 Hertz

97 2247 227 2282 uocalo
253 2252 277 2281 P
296 2250 307 2292 ΙΙ
328 2251 369 2282 19
403 2249 525 2283 breuis
552 2263 578 2282 ω
598 2251 609 2292 Η
629 2254 671 2283 25
705 2249 837 2292 spiritu
862 2250 993 2284 Festus
1018 2250 1175 2293 strepitu
1201 2263 1228 2282 ω
1247 2252 1258 2293 ΙΙ
1279 2253 1322 2283 26
1349 2261 1431 2293 pro-

99 2294 249 2329 ductam
267 2299 292 2328 P
311 2297 322 2339 ΙἸ
343 2299 384 2329 29
405 2307 469 2330 nos
491 2295 659 2340 HMeyer
677 2296 789 2330 Italos
804 2297 949 2331 Falster
971 2298 974 2341 Ι
997 2297 1156 2340 priorem
1171 2310 1197 2330 ω
1218 2308 1305 2332 corr.
1323 2297 1430 2331 illins.
