<?xml version="1.0" encoding="UTF-8"?>
<!DOCTYPE html PUBLIC "-//W3C//DTD XHTML 1.0 Transitional//EN"
    "http://www.w3.org/TR/xhtml1/DTD/xhtml1-transitional.dtd">
<html xmlns="http://www.w3.org/1999/xhtml" xml:lang="en" lang="en">
 <head>
  <title>
</title>
<meta http-equiv="Content-Type" content="text/html;charset=utf-8" />
  <meta name='ocr-system' content='tesseract 3.04.00' />
  <meta name='ocr-capabilities' content='ocr_page ocr_carea ocr_par ocr_line ocrx_word'/>
</head>
<body>
  <div class='ocr_page' id='page_1' title='image "./agelliinoctiumat01gelluoft_0072.png"; bbox 0 0 1591 2474; ppageno 0'>
   <div class='ocr_carea' id='block_1_1' title="bbox 102 59 902 102">
    <p class='ocr_par' dir='ltr' id='par_1_1' title="bbox 102 59 902 102">
     <span class='ocr_line' id='line_1_1' title="bbox 102 59 902 102; baseline -0.011 0"><span class='ocrx_word' id='word_1_1' title='bbox 102 62 129 102; x_wconf 81' lang='grc'>4</span> <span class='ocrx_word' id='word_1_2' title='bbox 636 59 902 94; x_wconf 79' lang='lat' dir='ltr'><strong>PRAEFATIO</strong></span> 
     </span>
    </p>
   </div>
   <div class='ocr_carea' id='block_1_2' title="bbox 47 166 1500 1865">
    <p class='ocr_par' dir='ltr' id='par_1_2' title="bbox 47 166 1500 1865">
     <span class='ocr_line' id='line_1_2' title="bbox 101 166 1439 222; baseline -0.001 -12"><span class='ocrx_word' id='word_1_3' title='bbox 101 170 157 210; x_wconf 89' lang='lat' dir='ltr'>ris</span> <span class='ocrx_word' id='word_1_4' title='bbox 191 172 264 221; x_wconf 85' lang='lat' dir='ltr'>est,</span> <span class='ocrx_word' id='word_1_5' title='bbox 297 170 399 222; x_wconf 90' lang='lat' dir='ltr'>quin</span> <span class='ocrx_word' id='word_1_6' title='bbox 430 170 473 210; x_wconf 90' lang='lat' dir='ltr'>id</span> <span class='ocrx_word' id='word_1_7' title='bbox 502 172 643 210; x_wconf 90' lang='lat' dir='ltr'>tamen</span> <span class='ocrx_word' id='word_1_8' title='bbox 669 168 945 222; x_wconf 72' lang='lat' dir='ltr'>complusculi</span> <span class='ocrx_word' id='word_1_9' title='bbox 972 167 1132 208; x_wconf 73' lang='lat' dir='ltr'>sciant?</span> <span class='ocrx_word' id='word_1_10' title='bbox 1165 170 1206 208; x_wconf 90' lang='lat' dir='ltr'>et</span> <span class='ocrx_word' id='word_1_11' title='bbox 1233 167 1333 207; x_wconf 89' lang='lat' dir='ltr'>satis</span> <span class='ocrx_word' id='word_1_12' title='bbox 1358 166 1439 208; x_wconf 90' lang='lat' dir='ltr'>hoc</span> 
     </span>
     <span class='ocr_line' id='line_1_3' title="bbox 101 226 1440 279; baseline -0.003 -10"><span class='ocrx_word' id='word_1_13' title='bbox 101 228 301 269; x_wconf 90' lang='lat' dir='ltr'>blandum</span> <span class='ocrx_word' id='word_1_14' title='bbox 335 231 397 269; x_wconf 88' lang='lat' dir='ltr'>est</span> <span class='ocrx_word' id='word_1_15' title='bbox 428 242 515 268; x_wconf 88' lang='lat' dir='ltr'>non</span> <span class='ocrx_word' id='word_1_16' title='bbox 546 228 634 268; x_wconf 87' lang='lat' dir='ltr'>esse</span> <span class='ocrx_word' id='word_1_17' title='bbox 665 227 769 268; x_wconf 85' lang='lat' dir='ltr'>haec</span> <span class='ocrx_word' id='word_1_18' title='bbox 800 240 936 279; x_wconf 90' lang='lat' dir='ltr'>neque</span> <span class='ocrx_word' id='word_1_19' title='bbox 967 227 1009 266; x_wconf 87' lang='lat' dir='ltr'>in</span> <span class='ocrx_word' id='word_1_20' title='bbox 1040 226 1194 267; x_wconf 87' lang='lat' dir='ltr'>scholis</span> <span class='ocrx_word' id='word_1_21' title='bbox 1222 226 1440 266; x_wconf 85' lang='lat' dir='ltr'>decantata</span> 
     </span>
     <span class='ocr_line' id='line_1_4' title="bbox 47 284 1441 340; baseline -0.003 -12"><span class='ocrx_word' id='word_1_22' title='bbox 47 299 88 328; x_wconf 80' lang='lat'>16</span> <span class='ocrx_word' id='word_1_23' title='bbox 102 301 237 340; x_wconf 89' lang='lat' dir='ltr'>neque</span> <span class='ocrx_word' id='word_1_24' title='bbox 269 287 313 327; x_wconf 86' lang='lat' dir='ltr'>in</span> <span class='ocrx_word' id='word_1_25' title='bbox 345 287 656 327; x_wconf 88' lang='lat' dir='ltr'>commentariis</span> <span class='ocrx_word' id='word_1_26' title='bbox 687 286 876 339; x_wconf 86' lang='lat' dir='ltr'>protrita.</span> <span class='ocrx_word' id='word_1_27' title='bbox 933 284 1047 333; x_wconf 85' lang='lat' dir='ltr'>Quae</span> <span class='ocrx_word' id='word_1_28' title='bbox 1072 299 1198 338; x_wconf 89' lang='lat' dir='ltr'>porro</span> <span class='ocrx_word' id='word_1_29' title='bbox 1225 298 1334 324; x_wconf 87' lang='lat' dir='ltr'>nova</span> <span class='ocrx_word' id='word_1_30' title='bbox 1361 284 1441 324; x_wconf 84' lang='lat' dir='ltr'><strong>sibi</strong></span> 
     </span>
     <span class='ocr_line' id='line_1_5' title="bbox 102 343 1440 401; baseline -0.003 -15"><span class='ocrx_word' id='word_1_31' title='bbox 102 346 332 401; x_wconf 86' lang='lat' dir='ltr'>ignotaque</span> <span class='ocrx_word' id='word_1_32' title='bbox 366 346 626 397; x_wconf 79' lang='lat' dir='ltr'>offenderint,</span> <span class='ocrx_word' id='word_1_33' title='bbox 658 359 839 397; x_wconf 88' lang='lat' dir='ltr'>aequum</span> <span class='ocrx_word' id='word_1_34' title='bbox 872 358 960 384; x_wconf 87' lang='lat' dir='ltr'>esse</span> <span class='ocrx_word' id='word_1_35' title='bbox 992 346 1107 396; x_wconf 86' lang='lat' dir='ltr'>puto,</span> <span class='ocrx_word' id='word_1_36' title='bbox 1139 346 1186 383; x_wconf 91' lang='lat' dir='ltr'>ut</span> <span class='ocrx_word' id='word_1_37' title='bbox 1219 343 1307 382; x_wconf 89' lang='lat' dir='ltr'>sine</span> <span class='ocrx_word' id='word_1_38' title='bbox 1333 357 1440 383; x_wconf 87' lang='lat' dir='ltr'>vano</span> 
     </span>
     <span class='ocr_line' id='line_1_6' title="bbox 104 401 1494 456; baseline -0.003 -11"><span class='ocrx_word' id='word_1_39' title='bbox 104 405 340 445; x_wconf 87' lang='lat' dir='ltr'>obtrectatu</span> <span class='ocrx_word' id='word_1_40' title='bbox 373 404 654 456; x_wconf 88' lang='lat' dir='ltr'>considerent,</span> <span class='ocrx_word' id='word_1_41' title='bbox 694 418 747 443; x_wconf 88' lang='lat' dir='ltr'>an</span> <span class='ocrx_word' id='word_1_42' title='bbox 779 403 965 443; x_wconf 88' lang='lat' dir='ltr'>minutae</span> <span class='ocrx_word' id='word_1_43' title='bbox 996 403 1101 442; x_wconf 89' lang='lat' dir='ltr'>istae</span> <span class='ocrx_word' id='word_1_44' title='bbox 1132 401 1441 442; x_wconf 85' lang='lat' dir='ltr'>admonitiones</span> <span class='ocrx_word' id='word_1_45' title='bbox 1479 417 1494 441; x_wconf 82' lang='lat'>5</span> 
     </span>
     <span class='ocr_line' id='line_1_7' title="bbox 103 460 1442 516; baseline -0.002 -13"><span class='ocrx_word' id='word_1_46' title='bbox 103 466 144 504; x_wconf 86' lang='lat' dir='ltr'>et</span> <span class='ocrx_word' id='word_1_47' title='bbox 181 462 438 516; x_wconf 77' lang='lat' dir='ltr'>pauxillulae</span> <span class='ocrx_word' id='word_1_48' title='bbox 476 476 742 515; x_wconf 80' lang='lat' dir='ltr'>nequaquam</span> <span class='ocrx_word' id='word_1_49' title='bbox 775 464 918 501; x_wconf 91' lang='lat' dir='ltr'>tamen</span> <span class='ocrx_word' id='word_1_50' title='bbox 949 461 1032 501; x_wconf 88' lang='lat' dir='ltr'>sint</span> <span class='ocrx_word' id='word_1_51' title='bbox 1064 461 1129 501; x_wconf 87' lang='lat' dir='ltr'>vel</span> <span class='ocrx_word' id='word_1_52' title='bbox 1162 460 1214 501; x_wconf 90' lang='lat' dir='ltr'>ad</span> <span class='ocrx_word' id='word_1_53' title='bbox 1245 460 1442 500; x_wconf 87' lang='lat' dir='ltr'>alendum</span> 
     </span>
     <span class='ocr_line' id='line_1_8' title="bbox 103 519 1442 571; baseline -0.003 -9"><span class='ocrx_word' id='word_1_54' title='bbox 103 522 288 562; x_wconf 87' lang='lat' dir='ltr'>studium</span> <span class='ocrx_word' id='word_1_55' title='bbox 327 535 471 561; x_wconf 78' lang='lat' dir='ltr'>vescae</span> <span class='ocrx_word' id='word_1_56' title='bbox 503 522 570 561; x_wconf 81' lang='lat' dir='ltr'>vel</span> <span class='ocrx_word' id='word_1_57' title='bbox 602 521 653 561; x_wconf 89' lang='lat' dir='ltr'>ad</span> <span class='ocrx_word' id='word_1_58' title='bbox 686 520 981 561; x_wconf 90' lang='lat' dir='ltr'>oblectandum</span> <span class='ocrx_word' id='word_1_59' title='bbox 1013 519 1325 571; x_wconf 86' lang='lat' dir='ltr'>fovendumque</span> <span class='ocrx_word' id='word_1_60' title='bbox 1357 519 1442 559; x_wconf 82' lang='lat' dir='ltr'>ani-</span> 
     </span>
     <span class='ocr_line' id='line_1_9' title="bbox 104 578 1442 634; baseline -0.001 -14"><span class='ocrx_word' id='word_1_61' title='bbox 104 595 219 620; x_wconf 90' lang='lat' dir='ltr'>mum</span> <span class='ocrx_word' id='word_1_62' title='bbox 248 580 438 634; x_wconf 76' lang='lat' dir='ltr'>frigidae,</span> <span class='ocrx_word' id='word_1_63' title='bbox 472 580 543 620; x_wconf 84' lang='lat' dir='ltr'>sed</span> <span class='ocrx_word' id='word_1_64' title='bbox 569 580 656 620; x_wconf 89' lang='lat' dir='ltr'>eius</span> <span class='ocrx_word' id='word_1_65' title='bbox 684 579 853 620; x_wconf 87' lang='lat' dir='ltr'>seminis</span> <span class='ocrx_word' id='word_1_66' title='bbox 881 578 1127 633; x_wconf 78' lang='lat' dir='ltr'>generisque</span> <span class='ocrx_word' id='word_1_67' title='bbox 1155 578 1249 629; x_wconf 88' lang='lat' dir='ltr'>sint,</span> <span class='ocrx_word' id='word_1_68' title='bbox 1282 592 1332 617; x_wconf 81' lang='lat' dir='ltr'>ex</span> <span class='ocrx_word' id='word_1_69' title='bbox 1359 589 1442 630; x_wconf 90' lang='lat' dir='ltr'>quo</span> 
     </span>
     <span class='ocr_line' id='line_1_10' title="bbox 103 636 1443 692; baseline -0.003 -13"><span class='ocrx_word' id='word_1_70' title='bbox 103 640 225 679; x_wconf 81' lang='lat' dir='ltr'>facile</span> <span class='ocrx_word' id='word_1_71' title='bbox 266 638 506 679; x_wconf 85' lang='lat' dir='ltr'>adolescant</span> <span class='ocrx_word' id='word_1_72' title='bbox 544 641 617 678; x_wconf 87' lang='lat' dir='ltr'>aut</span> <span class='ocrx_word' id='word_1_73' title='bbox 654 638 823 692; x_wconf 87' lang='lat' dir='ltr'>ingenia</span> <span class='ocrx_word' id='word_1_74' title='bbox 860 637 1081 677; x_wconf 88' lang='lat' dir='ltr'>hominum</span> <span class='ocrx_word' id='word_1_75' title='bbox 1118 636 1333 690; x_wconf 82' lang='lat' dir='ltr'>vegetiora</span> <span class='ocrx_word' id='word_1_76' title='bbox 1371 638 1443 676; x_wconf 84' lang='lat' dir='ltr'>aut</span> 
     </span>
     <span class='ocr_line' id='line_1_11' title="bbox 103 695 1496 738; baseline -0.002 -1"><span class='ocrx_word' id='word_1_77' title='bbox 103 697 304 738; x_wconf 86' lang='lat' dir='ltr'>memoria</span> <span class='ocrx_word' id='word_1_78' title='bbox 337 696 676 737; x_wconf 80' lang='lat' dir='ltr'>adminiculatior</span> <span class='ocrx_word' id='word_1_79' title='bbox 707 699 779 736; x_wconf 91' lang='lat' dir='ltr'>aut</span> <span class='ocrx_word' id='word_1_80' title='bbox 810 696 943 736; x_wconf 85' lang='lat' dir='ltr'>oratio</span> <span class='ocrx_word' id='word_1_81' title='bbox 971 695 1182 736; x_wconf 70' lang='lat' dir='ltr'>sollertior</span> <span class='ocrx_word' id='word_1_82' title='bbox 1207 697 1279 734; x_wconf 90' lang='lat' dir='ltr'>aut</span> <span class='ocrx_word' id='word_1_83' title='bbox 1306 708 1442 734; x_wconf 86' lang='lat' dir='ltr'>sermo</span> <span class='ocrx_word' id='word_1_84' title='bbox 1468 711 1496 735; x_wconf 67' lang='grc' dir='ltr'>ιο</span> 
     </span>
     <span class='ocr_line' id='line_1_12' title="bbox 105 753 1443 808; baseline -0.003 -12"><span class='ocrx_word' id='word_1_85' title='bbox 105 756 389 808; x_wconf 84' lang='lat' dir='ltr'>incorruptior</span> <span class='ocrx_word' id='word_1_86' title='bbox 414 759 487 796; x_wconf 84' lang='lat' dir='ltr'>aut</span> <span class='ocrx_word' id='word_1_87' title='bbox 514 755 737 796; x_wconf 89' lang='lat' dir='ltr'>delectatio</span> <span class='ocrx_word' id='word_1_88' title='bbox 765 755 810 795; x_wconf 93' lang='lat' dir='ltr'>in</span> <span class='ocrx_word' id='word_1_89' title='bbox 835 755 921 795; x_wconf 92' lang='lat' dir='ltr'>otio</span> <span class='ocrx_word' id='word_1_90' title='bbox 948 757 1074 806; x_wconf 87' lang='lat' dir='ltr'>atque</span> <span class='ocrx_word' id='word_1_91' title='bbox 1100 754 1145 794; x_wconf 88' lang='lat' dir='ltr'>in</span> <span class='ocrx_word' id='word_1_92' title='bbox 1169 753 1268 794; x_wconf 90' lang='lat' dir='ltr'>ludo</span> <span class='ocrx_word' id='word_1_93' title='bbox 1295 753 1443 793; x_wconf 86' lang='lat' dir='ltr'>libera-</span> 
     </span>
     <span class='ocr_line' id='line_1_13' title="bbox 48 812 1444 867; baseline -0.004 -11"><span class='ocrx_word' id='word_1_94' title='bbox 48 815 195 857; x_wconf 63' lang='lat' dir='ltr'>lvlior.</span> <span class='ocrx_word' id='word_1_95' title='bbox 259 814 373 863; x_wconf 80' lang='lat' dir='ltr'>Quae</span> <span class='ocrx_word' id='word_1_96' title='bbox 405 817 546 855; x_wconf 88' lang='lat' dir='ltr'>autem</span> <span class='ocrx_word' id='word_1_97' title='bbox 579 829 727 867; x_wconf 85' lang='lat' dir='ltr'>parum</span> <span class='ocrx_word' id='word_1_98' title='bbox 760 813 885 866; x_wconf 86' lang='lat' dir='ltr'>plana</span> <span class='ocrx_word' id='word_1_99' title='bbox 916 812 1170 853; x_wconf 86' lang='lat' dir='ltr'>videbuntur</span> <span class='ocrx_word' id='word_1_100' title='bbox 1201 814 1273 851; x_wconf 89' lang='lat' dir='ltr'>aut</span> <span class='ocrx_word' id='word_1_101' title='bbox 1305 812 1444 852; x_wconf 85' lang='lat' dir='ltr'>minus</span> 
     </span>
     <span class='ocr_line' id='line_1_14' title="bbox 106 870 1445 927; baseline -0.003 -13"><span class='ocrx_word' id='word_1_102' title='bbox 106 874 228 927; x_wconf 86' lang='lat' dir='ltr'>plena</span> <span class='ocrx_word' id='word_1_103' title='bbox 254 874 554 925; x_wconf 74' lang='lat' dir='ltr'>instructaque,</span> <span class='ocrx_word' id='word_1_104' title='bbox 580 873 775 926; x_wconf 84' lang='lat' dir='ltr'>petimus,</span> <span class='ocrx_word' id='word_1_105' title='bbox 800 872 985 924; x_wconf 89' lang='lat' dir='ltr'>inquam,</span> <span class='ocrx_word' id='word_1_106' title='bbox 1010 874 1058 911; x_wconf 85' lang='lat' dir='ltr'>ut</span> <span class='ocrx_word' id='word_1_107' title='bbox 1084 885 1130 911; x_wconf 89' lang='lat' dir='ltr'>ea</span> <span class='ocrx_word' id='word_1_108' title='bbox 1156 885 1240 910; x_wconf 89' lang='lat' dir='ltr'>non</span> <span class='ocrx_word' id='word_1_109' title='bbox 1269 870 1445 910; x_wconf 83' lang='lat' dir='ltr'>docendi</span> 
     </span>
     <span class='ocr_line' id='line_1_15' title="bbox 104 929 1445 987; baseline -0.003 -15"><span class='ocrx_word' id='word_1_110' title='bbox 104 933 239 987; x_wconf 85' lang='lat' dir='ltr'>magis</span> <span class='ocrx_word' id='word_1_111' title='bbox 284 946 411 984; x_wconf 84' lang='lat' dir='ltr'>quam</span> <span class='ocrx_word' id='word_1_112' title='bbox 455 932 707 972; x_wconf 88' lang='lat' dir='ltr'>admonendi</span> <span class='ocrx_word' id='word_1_113' title='bbox 752 931 887 985; x_wconf 89' lang='lat' dir='ltr'>gratia</span> <span class='ocrx_word' id='word_1_114' title='bbox 931 930 1084 983; x_wconf 85' lang='lat' dir='ltr'>scripta</span> <span class='ocrx_word' id='word_1_115' title='bbox 1126 929 1367 969; x_wconf 83' lang='lat' dir='ltr'>existiment</span> <span class='ocrx_word' id='word_1_116' title='bbox 1404 931 1445 969; x_wconf 92' lang='lat' dir='ltr'>et</span> 
     </span>
     <span class='ocr_line' id='line_1_16' title="bbox 105 988 1498 1044; baseline -0.003 -13"><span class='ocrx_word' id='word_1_117' title='bbox 105 991 225 1044; x_wconf 83' lang='lat' dir='ltr'>quasi</span> <span class='ocrx_word' id='word_1_118' title='bbox 252 991 608 1031; x_wconf 62' lang='lat' dir='ltr'>demonstratione</span> <span class='ocrx_word' id='word_1_119' title='bbox 634 990 909 1044; x_wconf 80' lang='lat' dir='ltr'>vestigiorum</span> <span class='ocrx_word' id='word_1_120' title='bbox 934 988 1121 1029; x_wconf 89' lang='lat' dir='ltr'>contenti</span> <span class='ocrx_word' id='word_1_121' title='bbox 1140 989 1446 1040; x_wconf 88' lang='lat' dir='ltr'>persequantur</span> <span class='ocrx_word' id='word_1_122' title='bbox 1467 1001 1498 1027; x_wconf 83' lang='lat'>15</span> 
     </span>
     <span class='ocr_line' id='line_1_17' title="bbox 105 1045 1444 1103; baseline -0.003 -13"><span class='ocrx_word' id='word_1_123' title='bbox 105 1065 153 1090; x_wconf 90' lang='lat' dir='ltr'>ea</span> <span class='ocrx_word' id='word_1_124' title='bbox 196 1052 309 1103; x_wconf 87' lang='lat' dir='ltr'>post,</span> <span class='ocrx_word' id='word_1_125' title='bbox 355 1050 389 1089; x_wconf 90' lang='lat' dir='ltr'>si</span> <span class='ocrx_word' id='word_1_126' title='bbox 433 1049 600 1101; x_wconf 84' lang='lat' dir='ltr'>libebit,</span> <span class='ocrx_word' id='word_1_127' title='bbox 643 1049 711 1089; x_wconf 84' lang='lat' dir='ltr'>vel</span> <span class='ocrx_word' id='word_1_128' title='bbox 746 1048 865 1088; x_wconf 87' lang='lat' dir='ltr'>libris</span> <span class='ocrx_word' id='word_1_129' title='bbox 903 1047 1079 1100; x_wconf 85' lang='lat' dir='ltr'>repertis</span> <span class='ocrx_word' id='word_1_130' title='bbox 1117 1047 1184 1087; x_wconf 85' lang='lat' dir='ltr'>vel</span> <span class='ocrx_word' id='word_1_131' title='bbox 1221 1045 1444 1100; x_wconf 82' lang='lat' dir='ltr'>magistris.</span> 
     </span>
     <span class='ocr_line' id='line_1_18' title="bbox 50 1104 1446 1161; baseline -0.004 -12"><span class='ocrx_word' id='word_1_132' title='bbox 50 1120 90 1149; x_wconf 75' lang='lat'>18</span> <span class='ocrx_word' id='word_1_133' title='bbox 107 1108 221 1157; x_wconf 84' lang='lat' dir='ltr'>Quae</span> <span class='ocrx_word' id='word_1_134' title='bbox 253 1122 351 1149; x_wconf 81' lang='lat' dir='ltr'>vero</span> <span class='ocrx_word' id='word_1_135' title='bbox 384 1108 625 1161; x_wconf 80' lang='lat' dir='ltr'>putaverint</span> <span class='ocrx_word' id='word_1_136' title='bbox 656 1106 1009 1160; x_wconf 84' lang='lat' dir='ltr'>reprehendenda,</span> <span class='ocrx_word' id='word_1_137' title='bbox 1044 1106 1121 1157; x_wconf 90' lang='lat' dir='ltr'>his,</span> <span class='ocrx_word' id='word_1_138' title='bbox 1154 1105 1189 1144; x_wconf 88' lang='lat' dir='ltr'>si</span> <span class='ocrx_word' id='word_1_139' title='bbox 1220 1104 1446 1156; x_wconf 86' lang='lat' dir='ltr'>audebunt,</span> 
     </span>
     <span class='ocr_line' id='line_1_19' title="bbox 107 1164 1446 1219; baseline -0.004 -12"><span class='ocrx_word' id='word_1_140' title='bbox 107 1169 395 1219; x_wconf 79' lang='lat' dir='ltr'>succenseant,</span> <span class='ocrx_word' id='word_1_141' title='bbox 433 1167 543 1207; x_wconf 90' lang='lat' dir='ltr'>unde</span> <span class='ocrx_word' id='word_1_142' title='bbox 582 1181 628 1207; x_wconf 86' lang='lat' dir='ltr'>ea</span> <span class='ocrx_word' id='word_1_143' title='bbox 665 1180 742 1206; x_wconf 92' lang='lat' dir='ltr'>nos</span> <span class='ocrx_word' id='word_1_144' title='bbox 781 1165 1035 1218; x_wconf 80' lang='lat' dir='ltr'>accepimus3</span> <span class='ocrx_word' id='word_1_145' title='bbox 1074 1164 1145 1204; x_wconf 89' lang='lat' dir='ltr'>sed</span> <span class='ocrx_word' id='word_1_146' title='bbox 1178 1164 1307 1215; x_wconf 83' lang='lat' dir='ltr'>enirn,</span> <span class='ocrx_word' id='word_1_147' title='bbox 1340 1177 1446 1216; x_wconf 89' lang='lat' dir='ltr'>quae</span> 
     </span>
     <span class='ocr_line' id='line_1_20' title="bbox 106 1221 1446 1278; baseline -0.004 -12"><span class='ocrx_word' id='word_1_148' title='bbox 106 1226 228 1266; x_wconf 82' lang='lat' dir='ltr'>aliter</span> <span class='ocrx_word' id='word_1_149' title='bbox 265 1226 377 1278; x_wconf 88' lang='lat' dir='ltr'>apud</span> <span class='ocrx_word' id='word_1_150' title='bbox 413 1226 544 1265; x_wconf 89' lang='lat' dir='ltr'>alium</span> <span class='ocrx_word' id='word_1_151' title='bbox 584 1225 739 1278; x_wconf 85' lang='lat' dir='ltr'>scripta</span> <span class='ocrx_word' id='word_1_152' title='bbox 776 1224 974 1278; x_wconf 85' lang='lat' dir='ltr'>legerint,</span> <span class='ocrx_word' id='word_1_153' title='bbox 1012 1237 1064 1263; x_wconf 92' lang='lat' dir='ltr'>ne</span> <span class='ocrx_word' id='word_1_154' title='bbox 1097 1223 1180 1262; x_wconf 89' lang='lat' dir='ltr'>iam</span> <span class='ocrx_word' id='word_1_155' title='bbox 1213 1221 1356 1262; x_wconf 87' lang='lat' dir='ltr'>statim</span> <span class='ocrx_word' id='word_1_156' title='bbox 1387 1224 1446 1262; x_wconf 89' lang='lat' dir='ltr'>te-</span> 
     </span>
     <span class='ocr_line' id='line_1_21' title="bbox 106 1280 1500 1337; baseline -0.002 -12"><span class='ocrx_word' id='word_1_157' title='bbox 106 1299 218 1325; x_wconf 87' lang='lat' dir='ltr'>mere</span> <span class='ocrx_word' id='word_1_158' title='bbox 251 1284 508 1337; x_wconf 85' lang='lat' dir='ltr'>obstrepant,</span> <span class='ocrx_word' id='word_1_159' title='bbox 541 1284 612 1324; x_wconf 93' lang='lat' dir='ltr'>sed</span> <span class='ocrx_word' id='word_1_160' title='bbox 645 1286 685 1323; x_wconf 91' lang='lat' dir='ltr'>et</span> <span class='ocrx_word' id='word_1_161' title='bbox 716 1283 900 1323; x_wconf 88' lang='lat' dir='ltr'>rationes</span> <span class='ocrx_word' id='word_1_162' title='bbox 932 1296 1071 1322; x_wconf 86' lang='lat' dir='ltr'>rerum</span> <span class='ocrx_word' id='word_1_163' title='bbox 1103 1284 1143 1321; x_wconf 89' lang='lat' dir='ltr'>et</span> <span class='ocrx_word' id='word_1_164' title='bbox 1175 1280 1446 1321; x_wconf 83' lang='lat' dir='ltr'>auctoritates</span> <span class='ocrx_word' id='word_1_165' title='bbox 1467 1298 1500 1322; x_wconf 76' lang='lat'>20</span> 
     </span>
     <span class='ocr_line' id='line_1_22' title="bbox 107 1339 1445 1395; baseline -0.003 -13"><span class='ocrx_word' id='word_1_166' title='bbox 107 1343 329 1384; x_wconf 86' lang='lat' dir='ltr'>hominum</span> <span class='ocrx_word' id='word_1_167' title='bbox 355 1343 578 1395; x_wconf 85' lang='lat' dir='ltr'>pensitent,</span> <span class='ocrx_word' id='word_1_168' title='bbox 606 1356 711 1395; x_wconf 87' lang='lat' dir='ltr'>quos</span> <span class='ocrx_word' id='word_1_169' title='bbox 737 1342 801 1381; x_wconf 89' lang='lat' dir='ltr'>illi</span> <span class='ocrx_word' id='word_1_170' title='bbox 828 1354 1016 1393; x_wconf 90' lang='lat' dir='ltr'>quosque</span> <span class='ocrx_word' id='word_1_171' title='bbox 1042 1354 1119 1380; x_wconf 90' lang='lat' dir='ltr'>nos</span> <span class='ocrx_word' id='word_1_172' title='bbox 1140 1339 1271 1380; x_wconf 89' lang='lat' dir='ltr'>secuti</span> <span class='ocrx_word' id='word_1_173' title='bbox 1292 1353 1445 1379; x_wconf 89' lang='lat' dir='ltr'>sumus.</span> 
     </span>
     <span class='ocr_line' id='line_1_23' title="bbox 51 1397 1448 1455; baseline -0.004 -13"><span class='ocrx_word' id='word_1_174' title='bbox 51 1414 92 1443; x_wconf 81' lang='lat'>19</span> <span class='ocrx_word' id='word_1_175' title='bbox 197 1401 290 1442; x_wconf 82' lang='lat' dir='ltr'>Erit</span> <span class='ocrx_word' id='word_1_176' title='bbox 319 1404 462 1452; x_wconf 73' lang='lat' dir='ltr'>vautem</span> <span class='ocrx_word' id='word_1_177' title='bbox 492 1401 535 1441; x_wconf 88' lang='lat' dir='ltr'>id</span> <span class='ocrx_word' id='word_1_178' title='bbox 559 1402 686 1455; x_wconf 90' lang='lat' dir='ltr'>longe</span> <span class='ocrx_word' id='word_1_179' title='bbox 713 1400 933 1453; x_wconf 87' lang='lat' dir='ltr'>optimum,</span> <span class='ocrx_word' id='word_1_180' title='bbox 966 1401 1012 1439; x_wconf 88' lang='lat' dir='ltr'>ut</span> <span class='ocrx_word' id='word_1_181' title='bbox 1039 1398 1112 1451; x_wconf 88' lang='lat' dir='ltr'>qui</span> <span class='ocrx_word' id='word_1_182' title='bbox 1138 1398 1179 1438; x_wconf 88' lang='lat' dir='ltr'>in</span> <span class='ocrx_word' id='word_1_183' title='bbox 1205 1397 1448 1449; x_wconf 85' lang='lat' dir='ltr'>lectitando,</span> 
     </span>
     <span class='ocr_line' id='line_1_24' title="bbox 109 1456 1447 1513; baseline -0.004 -13"><span class='ocrx_word' id='word_1_184' title='bbox 109 1460 406 1513; x_wconf 82' lang='lat' dir='ltr'>percontando,</span> <span class='ocrx_word' id='word_1_185' title='bbox 439 1459 670 1511; x_wconf 83' lang='lat' dir='ltr'>scribendo,</span> <span class='ocrx_word' id='word_1_186' title='bbox 697 1457 1017 1499; x_wconf 85' lang='lat' dir='ltr'>commentando</span> <span class='ocrx_word' id='word_1_187' title='bbox 1044 1470 1276 1508; x_wconf 86' lang='lat' dir='ltr'>numquam</span> <span class='ocrx_word' id='word_1_188' title='bbox 1302 1456 1447 1509; x_wconf 84' lang='lat' dir='ltr'>volup-</span> 
     </span>
     <span class='ocr_line' id='line_1_25' title="bbox 108 1514 1447 1571; baseline -0.003 -13"><span class='ocrx_word' id='word_1_189' title='bbox 108 1522 233 1571; x_wconf 85' lang='lat' dir='ltr'>tates,</span> <span class='ocrx_word' id='word_1_190' title='bbox 276 1532 507 1570; x_wconf 88' lang='lat' dir='ltr'>numquam</span> <span class='ocrx_word' id='word_1_191' title='bbox 550 1518 715 1558; x_wconf 87' lang='lat' dir='ltr'>labores</span> <span class='ocrx_word' id='word_1_192' title='bbox 760 1519 980 1569; x_wconf 81' lang='lat' dir='ltr'>ceperunt,</span> <span class='ocrx_word' id='word_1_193' title='bbox 1022 1515 1159 1555; x_wconf 89' lang='lat' dir='ltr'>nullas</span> <span class='ocrx_word' id='word_1_194' title='bbox 1197 1514 1279 1555; x_wconf 89' lang='lat' dir='ltr'>hoc</span> <span class='ocrx_word' id='word_1_195' title='bbox 1317 1528 1447 1569; x_wconf 85' lang='lat' dir='ltr'>genus</span> 
     </span>
     <span class='ocr_line' id='line_1_26' title="bbox 109 1572 1500 1632; baseline -0.001 -15"><span class='ocrx_word' id='word_1_196' title='bbox 109 1578 276 1632; x_wconf 82' lang='lat' dir='ltr'>vigilias</span> <span class='ocrx_word' id='word_1_197' title='bbox 326 1577 555 1631; x_wconf 84' lang='lat' dir='ltr'>vigilarunt</span> <span class='ocrx_word' id='word_1_198' title='bbox 604 1590 739 1629; x_wconf 89' lang='lat' dir='ltr'>neque</span> <span class='ocrx_word' id='word_1_199' title='bbox 783 1575 881 1615; x_wconf 86' lang='lat' dir='ltr'>ullis</span> <span class='ocrx_word' id='word_1_200' title='bbox 925 1575 1034 1614; x_wconf 84' lang='lat' dir='ltr'>inter</span> <span class='ocrx_word' id='word_1_201' title='bbox 1077 1573 1261 1614; x_wconf 88' lang='lat' dir='ltr'>eiusdem</span> <span class='ocrx_word' id='word_1_202' title='bbox 1305 1572 1448 1613; x_wconf 88' lang='lat' dir='ltr'>Musae</span> <span class='ocrx_word' id='word_1_203' title='bbox 1469 1590 1500 1615; x_wconf 77' lang='lat'>25</span> 
     </span>
     <span class='ocr_line' id='line_1_27' title="bbox 110 1632 1448 1687; baseline -0.004 -11"><span class='ocrx_word' id='word_1_204' title='bbox 110 1637 297 1676; x_wconf 88' lang='lat' dir='ltr'>aemulos</span> <span class='ocrx_word' id='word_1_205' title='bbox 330 1635 632 1676; x_wconf 83' lang='lat' dir='ltr'>certationibus</span> <span class='ocrx_word' id='word_1_206' title='bbox 665 1632 1125 1687; x_wconf 84' lang='lat' dir='ltr'>disceptationibusque</span> <span class='ocrx_word' id='word_1_207' title='bbox 1155 1632 1314 1672; x_wconf 88' lang='lat' dir='ltr'>elimati</span> <span class='ocrx_word' id='word_1_208' title='bbox 1341 1633 1448 1683; x_wconf 87' lang='lat' dir='ltr'>sunt,</span> 
     </span>
     <span class='ocr_line' id='line_1_28' title="bbox 112 1690 1450 1748; baseline -0.004 -14"><span class='ocrx_word' id='word_1_209' title='bbox 112 1695 183 1735; x_wconf 87' lang='lat' dir='ltr'>sed</span> <span class='ocrx_word' id='word_1_210' title='bbox 220 1694 564 1747; x_wconf 86' lang='lat' dir='ltr'>intemperiarum</span> <span class='ocrx_word' id='word_1_211' title='bbox 602 1693 955 1748; x_wconf 83' lang='lat' dir='ltr'>negotiorumque</span> <span class='ocrx_word' id='word_1_212' title='bbox 992 1691 1107 1744; x_wconf 83' lang='lat' dir='ltr'>pleni</span> <span class='ocrx_word' id='word_1_213' title='bbox 1146 1693 1260 1743; x_wconf 83' lang='lat' dir='ltr'>sunt,</span> <span class='ocrx_word' id='word_1_214' title='bbox 1298 1690 1450 1730; x_wconf 86' lang='lat' dir='ltr'>abeant</span> 
     </span>
     <span class='ocr_line' id='line_1_29' title="bbox 112 1749 1449 1806; baseline -0.004 -13"><span class='ocrx_word' id='word_1_215' title='bbox 112 1768 135 1793; x_wconf 93' lang='lat' dir='ltr'>a</span> <span class='ocrx_word' id='word_1_216' title='bbox 175 1753 410 1794; x_wconf 88' lang='lat' dir='ltr'>noctibus</span> <span class='ocrx_word' id='word_1_217' title='bbox 449 1752 515 1793; x_wconf 91' lang='lat' dir='ltr'>his</span> <span class='ocrx_word' id='word_1_218' title='bbox 553 1753 702 1806; x_wconf 88' lang='lat' dir='ltr'>procul</span> <span class='ocrx_word' id='word_1_219' title='bbox 738 1754 865 1804; x_wconf 80' lang='lat' dir='ltr'>atque</span> <span class='ocrx_word' id='word_1_220' title='bbox 903 1750 984 1790; x_wconf 90' lang='lat' dir='ltr'>alia</span> <span class='ocrx_word' id='word_1_221' title='bbox 1023 1749 1103 1790; x_wconf 91' lang='lat' dir='ltr'>sibi</span> <span class='ocrx_word' id='word_1_222' title='bbox 1142 1749 1449 1790; x_wconf 84' lang='lat' dir='ltr'>oblectamenta</span> 
     </span>
     <span class='ocr_line' id='line_1_30' title="bbox 114 1808 1115 1865; baseline -0.003 -14"><span class='ocrx_word' id='word_1_223' title='bbox 114 1814 326 1864; x_wconf 85' lang='lat' dir='ltr'>quaerant.</span> <span class='ocrx_word' id='word_1_224' title='bbox 389 1810 522 1852; x_wconf 87' lang='lat' dir='ltr'>Vetus</span> <span class='ocrx_word' id='word_1_225' title='bbox 554 1811 751 1865; x_wconf 82' lang='lat' dir='ltr'>adagium</span> <span class='ocrx_word' id='word_1_226' title='bbox 785 1812 846 1850; x_wconf 84' lang='lat' dir='ltr'>est</span> <span class='ocrx_word' id='word_1_227' title='bbox 879 1809 934 1861; x_wconf 73' lang='lat' dir='ltr'>(p.</span> <span class='ocrx_word' id='word_1_228' title='bbox 955 1810 1008 1849; x_wconf 84' lang='lat'>56</span> <span class='ocrx_word' id='word_1_229' title='bbox 1027 1808 1115 1854; x_wconf 90' lang='lat' dir='ltr'>B.):</span> 
     </span>
    </p>
   </div>
   <div class='ocr_carea' id='block_1_3' title="bbox 114 1910 1454 2332">
    <p class='ocr_par' dir='ltr' id='par_1_3' title="bbox 114 1910 1449 1995">
     <span class='ocr_line' id='line_1_31' title="bbox 207 1910 1449 1958; baseline -0.004 -11"><span class='ocrx_word' id='word_1_230' title='bbox 207 1918 226 1947; x_wconf 84' lang='lat'>9</span> <span class='ocrx_word' id='word_1_231' title='bbox 242 1926 318 1958; x_wconf 85' lang='lat' dir='ltr'>sqq.</span> <span class='ocrx_word' id='word_1_232' title='bbox 340 1914 451 1948; x_wconf 84' lang='lat' dir='ltr'>Macr.</span> <span class='ocrx_word' id='word_1_233' title='bbox 473 1914 488 1947; x_wconf 86' lang='grc' dir='ltr'>Ι</span> <span class='ocrx_word' id='word_1_234' title='bbox 507 1913 621 1957; x_wconf 85' lang='lat' dir='ltr'>praef.</span> <span class='ocrx_word' id='word_1_235' title='bbox 645 1918 686 1947; x_wconf 86' lang='lat'>11</span> <span class='ocrx_word' id='word_1_236' title='bbox 786 1917 828 1946; x_wconf 78' lang='lat'>29</span> <span class='ocrx_word' id='word_1_237' title='bbox 844 1924 921 1956; x_wconf 85' lang='lat' dir='ltr'>sqq.</span> <span class='ocrx_word' id='word_1_238' title='bbox 943 1911 1005 1945; x_wconf 83' lang='lat' dir='ltr'>cfr.</span> <span class='ocrx_word' id='word_1_239' title='bbox 1026 1911 1125 1956; x_wconf 77' lang='lat' dir='ltr'>Otto,</span> <span class='ocrx_word' id='word_1_240' title='bbox 1146 1910 1317 1955; x_wconf 86' lang='lat' dir='ltr'>Sprichw.</span> <span class='ocrx_word' id='word_1_241' title='bbox 1332 1922 1366 1953; x_wconf 90' lang='lat' dir='ltr'>p.</span> <span class='ocrx_word' id='word_1_242' title='bbox 1384 1913 1449 1943; x_wconf 81' lang='lat'>155</span> 
     </span>
     <span class='ocr_line' id='line_1_32' title="bbox 114 1964 242 1995; baseline -0.008 0"><span class='ocrx_word' id='word_1_243' title='bbox 114 1964 150 1995; x_wconf 65' lang='lat' dir='ltr'>eb</span> <span class='ocrx_word' id='word_1_244' title='bbox 176 1965 242 1994; x_wconf 69' lang='lat'>33⁴5</span> 
     </span>
    </p>

    <p class='ocr_par' dir='ltr' id='par_1_4' title="bbox 114 2050 1454 2332">
     <span class='ocr_line' id='line_1_33' title="bbox 175 2050 1452 2098; baseline -0.005 -9"><span class='ocrx_word' id='word_1_245' title='bbox 175 2060 226 2098; x_wconf 31' lang='lat'>„21</span> <span class='ocrx_word' id='word_1_246' title='bbox 257 2066 368 2097; x_wconf 89' lang='lat' dir='ltr'>quam</span> <span class='ocrx_word' id='word_1_247' title='bbox 398 2054 558 2098; x_wconf 87' lang='lat' dir='ltr'>plusculi</span> <span class='ocrx_word' id='word_1_248' title='bbox 590 2058 618 2087; x_wconf 81' lang='lat' dir='ltr'><strong>R</strong></span> <span class='ocrx_word' id='word_1_249' title='bbox 638 2056 649 2098; x_wconf 73' lang='lat' dir='ltr'>ss</span> <span class='ocrx_word' id='word_1_250' title='bbox 669 2058 687 2087; x_wconf 80' lang='lat'><strong>2</strong></span> <span class='ocrx_word' id='word_1_251' title='bbox 721 2054 873 2087; x_wconf 89' lang='lat' dir='ltr'>landum</span> <span class='ocrx_word' id='word_1_252' title='bbox 897 2056 928 2085; x_wconf 77' lang='lat' dir='ltr'><strong>R</strong></span> <span class='ocrx_word' id='word_1_253' title='bbox 958 2052 1052 2086; x_wconf 73' lang='lat' dir='ltr'>unde</span> <span class='ocrx_word' id='word_1_254' title='bbox 1083 2051 1232 2085; x_wconf 87' lang='lat' dir='ltr'>laudum</span> <span class='ocrx_word' id='word_1_255' title='bbox 1259 2050 1314 2084; x_wconf 71' lang='lat' dir='ltr'>Sk.</span> <span class='ocrx_word' id='word_1_256' title='bbox 1335 2052 1385 2093; x_wconf 68' lang='lat'>{16</span> <span class='ocrx_word' id='word_1_257' title='bbox 1415 2051 1452 2083; x_wconf 80' lang='lat' dir='ltr'>et</span> 
     </span>
     <span class='ocr_line' id='line_1_34' title="bbox 118 2097 1450 2146; baseline -0.005 -10"><span class='ocrx_word' id='word_1_258' title='bbox 118 2097 227 2137; x_wconf 55' lang='lat' dir='ltr'>Grfe</span> <span class='ocrx_word' id='word_1_259' title='bbox 253 2116 279 2135; x_wconf 90' lang='grc' dir='ltr'><em>ω</em></span> <span class='ocrx_word' id='word_1_260' title='bbox 300 2104 310 2146; x_wconf 81' lang='grc' dir='ltr'>Η</span> <span class='ocrx_word' id='word_1_261' title='bbox 332 2106 349 2134; x_wconf 84' lang='grc'><strong>7</strong></span> <span class='ocrx_word' id='word_1_262' title='bbox 377 2101 636 2135; x_wconf 86' lang='lat' dir='ltr'>obleciandum</span> <span class='ocrx_word' id='word_1_263' title='bbox 662 2105 686 2133; x_wconf 87' lang='lat' dir='ltr'>P</span> <span class='ocrx_word' id='word_1_264' title='bbox 712 2100 961 2134; x_wconf 84' lang='lat' dir='ltr'>obleuandum</span> <span class='ocrx_word' id='word_1_265' title='bbox 983 2103 1011 2131; x_wconf 86' lang='lat' dir='ltr'>R</span> <span class='ocrx_word' id='word_1_266' title='bbox 1030 2101 1041 2142; x_wconf 81' lang='grc' dir='ltr'>ΙΙ</span> <span class='ocrx_word' id='word_1_267' title='bbox 1063 2101 1105 2132; x_wconf 91' lang='grc'>10</span> <span class='ocrx_word' id='word_1_268' title='bbox 1131 2098 1265 2142; x_wconf 84' lang='lat' dir='ltr'>oratio]</span> <span class='ocrx_word' id='word_1_269' title='bbox 1285 2101 1310 2129; x_wconf 88' lang='lat' dir='ltr'>P</span> <span class='ocrx_word' id='word_1_270' title='bbox 1333 2097 1450 2131; x_wconf 68' lang='lat' dir='ltr'>Illacr.</span> 
     </span>
     <span class='ocr_line' id='line_1_35' title="bbox 114 2143 1451 2193; baseline -0.004 -11"><span class='ocrx_word' id='word_1_271' title='bbox 114 2149 209 2182; x_wconf 80' lang='lat' dir='ltr'>ratio</span> <span class='ocrx_word' id='word_1_272' title='bbox 229 2152 258 2181; x_wconf 88' lang='lat' dir='ltr'>R</span> <span class='ocrx_word' id='word_1_273' title='bbox 277 2151 288 2193; x_wconf 75' lang='grc' dir='ltr'>Η</span> <span class='ocrx_word' id='word_1_274' title='bbox 310 2153 349 2181; x_wconf 91' lang='grc'>11</span> <span class='ocrx_word' id='word_1_275' title='bbox 373 2148 591 2182; x_wconf 85' lang='lat' dir='ltr'>delectatior</span> <span class='ocrx_word' id='word_1_276' title='bbox 617 2162 643 2181; x_wconf 88' lang='grc' dir='ltr'><em>ω</em></span> <span class='ocrx_word' id='word_1_277' title='bbox 669 2159 757 2181; x_wconf 80' lang='lat' dir='ltr'>corr.</span> <span class='ocrx_word' id='word_1_278' title='bbox 782 2147 843 2181; x_wconf 80' lang='lat' dir='ltr'>Gr.</span> <span class='ocrx_word' id='word_1_279' title='bbox 865 2148 876 2191; x_wconf 77' lang='grc' dir='ltr'>Η</span> <span class='ocrx_word' id='word_1_280' title='bbox 898 2150 938 2180; x_wconf 78' lang='grc'>18</span> <span class='ocrx_word' id='word_1_281' title='bbox 966 2145 1051 2191; x_wconf 72' lang='lat' dir='ltr'>&lt;si&gt;</span> <span class='ocrx_word' id='word_1_282' title='bbox 1072 2155 1167 2188; x_wconf 87' lang='lat' dir='ltr'>quae</span> <span class='ocrx_word' id='word_1_283' title='bbox 1187 2144 1245 2179; x_wconf 70' lang='lat' dir='ltr'>Sk.</span> <span class='ocrx_word' id='word_1_284' title='bbox 1265 2145 1276 2187; x_wconf 78' lang='grc' dir='ltr'>Η</span> <span class='ocrx_word' id='word_1_285' title='bbox 1298 2147 1338 2176; x_wconf 87' lang='grc'>19</span> <span class='ocrx_word' id='word_1_286' title='bbox 1360 2143 1451 2178; x_wconf 80' lang='lat' dir='ltr'>alios</span> 
     </span>
     <span class='ocr_line' id='line_1_36' title="bbox 115 2191 1451 2239; baseline -0.004 -10"><span class='ocrx_word' id='word_1_287' title='bbox 115 2196 162 2228; x_wconf 83' lang='lat' dir='ltr'>R¹</span> <span class='ocrx_word' id='word_1_288' title='bbox 184 2197 188 2239; x_wconf 85' lang='grc' dir='ltr'>Ι</span> <span class='ocrx_word' id='word_1_289' title='bbox 211 2197 372 2239; x_wconf 84' lang='lat' dir='ltr'>tempere</span> <span class='ocrx_word' id='word_1_290' title='bbox 405 2197 521 2239; x_wconf 87' lang='lat' dir='ltr'>(-pore</span> <span class='ocrx_word' id='word_1_291' title='bbox 547 2197 588 2238; x_wconf 76' lang='grc' dir='ltr'>Β)</span> <span class='ocrx_word' id='word_1_292' title='bbox 622 2209 648 2228; x_wconf 88' lang='grc' dir='ltr'><em>ω</em></span> <span class='ocrx_word' id='word_1_293' title='bbox 680 2205 769 2229; x_wconf 79' lang='lat' dir='ltr'>corr.</span> <span class='ocrx_word' id='word_1_294' title='bbox 799 2194 925 2228; x_wconf 73' lang='lat' dir='ltr'>Carrio</span> <span class='ocrx_word' id='word_1_295' title='bbox 944 2195 956 2237; x_wconf 78' lang='grc' dir='ltr'>Η</span> <span class='ocrx_word' id='word_1_296' title='bbox 976 2196 1018 2226; x_wconf 81' lang='lat'>23</span> <span class='ocrx_word' id='word_1_297' title='bbox 1050 2191 1298 2235; x_wconf 83' lang='lat' dir='ltr'>percontando</span> <span class='ocrx_word' id='word_1_298' title='bbox 1332 2201 1396 2224; x_wconf 86' lang='lat' dir='ltr'>om.</span> <span class='ocrx_word' id='word_1_299' title='bbox 1425 2204 1451 2224; x_wconf 90' lang='grc' dir='ltr'><em>ω</em></span> 
     </span>
     <span class='ocr_line' id='line_1_37' title="bbox 117 2237 1454 2284; baseline -0.004 -8"><span class='ocrx_word' id='word_1_300' title='bbox 117 2242 199 2277; x_wconf 77' lang='lat' dir='ltr'>add.</span> <span class='ocrx_word' id='word_1_301' title='bbox 230 2243 291 2276; x_wconf 83' lang='lat' dir='ltr'>Gr.</span> <span class='ocrx_word' id='word_1_302' title='bbox 325 2254 341 2276; x_wconf 79' lang='lat' dir='ltr'>e</span> <span class='ocrx_word' id='word_1_303' title='bbox 373 2243 435 2276; x_wconf 74' lang='lat' dir='ltr'>lin.</span> <span class='ocrx_word' id='word_1_304' title='bbox 461 2245 522 2283; x_wconf 73' lang='lat'>26,</span> <span class='ocrx_word' id='word_1_305' title='bbox 560 2242 623 2275; x_wconf 67' lang='lat' dir='ltr'>ubi</span> <span class='ocrx_word' id='word_1_306' title='bbox 653 2241 804 2275; x_wconf 88' lang='lat' dir='ltr'>labeant</span> <span class='ocrx_word' id='word_1_307' title='bbox 834 2238 1083 2284; x_wconf 84' lang='lat' dir='ltr'>percontando</span> <span class='ocrx_word' id='word_1_308' title='bbox 1117 2238 1308 2272; x_wconf 79' lang='lat' dir='ltr'>scribendo</span> <span class='ocrx_word' id='word_1_309' title='bbox 1343 2248 1363 2270; x_wconf 87' lang='lat' dir='ltr'>a</span> <span class='ocrx_word' id='word_1_310' title='bbox 1396 2251 1422 2270; x_wconf 89' lang='grc' dir='ltr'>ω</span> <span class='ocrx_word' id='word_1_311' title='bbox 1442 2237 1454 2282; x_wconf 55' lang='grc' dir='ltr'>ᾎΙ</span> 
     </span>
     <span class='ocr_line' id='line_1_38' title="bbox 118 2289 692 2332; baseline -0.003 -9"><span class='ocrx_word' id='word_1_312' title='bbox 118 2293 160 2323; x_wconf 77' lang='lat'>26</span> <span class='ocrx_word' id='word_1_313' title='bbox 188 2291 272 2323; x_wconf 81' lang='lat' dir='ltr'>sunt</span> <span class='ocrx_word' id='word_1_314' title='bbox 298 2289 364 2323; x_wconf 75' lang='lat' dir='ltr'>del.</span> <span class='ocrx_word' id='word_1_315' title='bbox 389 2289 450 2323; x_wconf 79' lang='lat' dir='ltr'>Gr.</span> <span class='ocrx_word' id='word_1_316' title='bbox 471 2290 546 2332; x_wconf 70' lang='grc'>1127</span> <span class='ocrx_word' id='word_1_317' title='bbox 573 2289 627 2322; x_wconf 74' lang='lat' dir='ltr'>vd.</span> <span class='ocrx_word' id='word_1_318' title='bbox 650 2292 692 2321; x_wconf 78' lang='lat'>23</span> 
     </span>
    </p>
   </div>
  </div>
 </body>
</html>
