1617 2484
140 69 223 104 XIV
675 68 946 102 PRAEFATIO

144 181 219 218 fine
244 181 336 218 libri
360 180 425 218 IX.
484 179 602 218 Cuius
630 193 674 217 ex
700 179 838 225 verbis,
866 192 965 227 quae
990 179 1108 217 habes
1134 180 1239 216 infra
1263 181 1303 216 in
1329 193 1365 228 p.
1389 180 1469 216 336

140 240 394 277 Eustochium
431 252 508 277 non
546 239 825 287 conquisivisse
862 238 998 281 libros,
1037 238 1103 275 sed
1140 250 1209 275 sua
1240 240 1322 275 arte
1355 239 1474 275 etiam

139 300 279 349 legisse
317 300 356 336 et
388 299 594 336 annotasse
626 299 670 334 ut
702 299 848 334 ceteros
879 298 920 333 in
951 296 1096 334 talibus
1128 296 1476 345 subscriptionibus

141 357 358 406 appellatos
392 370 437 394 ex
468 357 595 394 verbis
629 357 812 393 carminis
845 356 1034 404 expiscari
1063 356 1214 393 studuit
1239 351 1482 406 HJordanlj),

141 429 256 465 quem
287 418 419 453 tamen
444 417 601 466 ‘optimo
633 416 716 470 iure
748 414 867 451 Hertz
879 409 909 465 2)
942 414 1098 451 refellit.

231 475 437 523 Paulisper
475 475 641 522 denique
677 473 906 510 morandum
939 475 997 510 est
1027 474 1069 509 in
1101 473 1275 510 codicum
1306 473 1485 510 manibus

21 529 128 576 Q²O2
144 534 437 571 correctricibus
471 528 599 583 (Q‘202'
625 528 726 585 etc).
791 532 953 580 Saepius
991 532 1063 568 hae
1101 532 1241 569 menda
1278 532 1486 568 manifesta

143 593 396 639 sustulerunt,
428 592 625 629 interdum
657 592 898 629 coniecturas
931 603 1050 628 novas
1082 590 1345 627 intrudebant.
1402 589 1485 634 Quo

61 697 74 707 .
142 652 183 688 in
221 664 380 688 numero
419 652 470 697 is,
513 651 581 699 qui
618 650 787 688 codicem
826 645 858 691 Q
896 650 1079 696 correxit,
1118 650 1272 687 eminet.
1340 649 1486 698 Depre-

143 711 346 748 hendimus
397 711 500 747 enim
545 710 674 746 virum
717 709 821 746 haud
864 707 1080 755 inficetum,
1130 709 1198 756 qui
1244 708 1485 756 corruptelas

145 770 293 806 amovit
319 781 396 806 non
421 781 565 817 paucas
593 769 631 805 et
657 781 745 805 cum
771 768 858 805 aliis
885 769 934 813 et,
961 769 1006 804 ut
1030 766 1085 803 IX
1110 769 1144 813 1,
1167 769 1189 804 2
1211 768 1333 804 iacias
1364 767 1397 803 X
1422 767 1486 806 15,

147 830 200 865 20
221 828 323 865 emit
340 839 378 865 36
406 829 472 873 24,
496 830 515 864 1
539 828 660 864 marm*
680 827 778 863 tullii
803 825 895 863 XIV
919 828 953 873 1,
978 827 1027 862 17
1049 826 1108 862 hie
1132 826 1204 862 XV
1227 826 1263 871 8,
1282 827 1304 862 2
1326 825 1487 862 delibari

144 887 215 924 XV
245 888 310 933 27,
338 888 360 923 5
394 887 485 932 quia
523 886 615 923 XIX
642 887 678 932 9,
709 888 758 922 12
792 885 942 922 addidit
973 885 1034 931 aL,
1073 885 1187 922 solus.
1252 884 1486 932 Plerumque

145 948 277 983 tamen
315 957 473 993 operam
512 957 622 982 suam
660 945 822 982 navavit
859 944 1043 981 audacius
1082 956 1200 991 quam
1231 943 1401 989 felicius,
1440 955 1487 979 ne

146 1005 272 1042 dicam
310 1004 575 1052 impudentius
608 1016 726 1052 quam
758 1003 998 1051 prudentius.
1060 1002 1163 1038 Nam
1195 996 1364 1051 codice3)
1399 1002 1488 1042 alio,

146 1065 179 1101 si
216 1076 420 1111 umquam,
458 1075 617 1111 perraro
656 1064 830 1110 inspecto
869 1061 1060 1098 medelam
1095 1073 1162 1098 suo
1194 1060 1320 1097 Marte
1352 1060 1488 1097 afferre

147 1124 308 1160 conatus
347 1124 405 1159 est
443 1122 584 1159 sciolus
621 1122 663 1158 in
700 1122 816 1158 meris
848 1120 997 1157 mendis
1030 1120 1171 1156 calami
1202 1119 1312 1156 foede
1343 1119 1486 1166 lapsus.

148 1181 211 1218 Sic
232 1176 264 1222 Q
289 1180 451 1229 praebet
473 1180 527 1217 IX
550 1181 587 1226 6,
610 1182 632 1217 3
653 1183 802 1227 portas,
830 1193 859 1216 ω
884 1181 987 1216 recte
1007 1179 1148 1225 potius,
1175 1178 1240 1215 sed
1262 1172 1312 1219 Q2
1323 1189 1489 1224 prorsus

148 1240 202 1277 XI
219 1241 255 1286 4,
274 1242 292 1276 1
312 1234 344 1280 Q
359 1234 426 1291 (d)
449 1240 619 1285 erupidie
638 1240 833 1285 multatus,
858 1249 885 1288 γ
906 1238 1071 1283 ‹em-epidi
1091 1236 1316 1283 aemulatus,
1338 1231 1388 1278 Q2
1405 1248 1488 1273 eru*-

140 1299 254 1346 pedis
281 1299 450 1335 imitatus
480 1298 556 1335 XII
582 1300 647 1345 11,
672 1299 694 1334 2
721 1293 753 1340 Q
778 1299 900 1343 orent,
933 1311 962 1333 ω
987 1296 1127 1342 forent,
1160 1290 1211 1336 Q²
1236 1297 1358 1332 essent
1391 1295 1487 1331 XIII

150 1359 186 1404 5,
210 1360 229 1394 1
254 1352 286 1399 Q
313 1358 364 1394 ad
388 1369 453 1404 spe
478 1358 577 1393 vitae
602 1357 716 1403 teum,
749 1371 778 1393 ω
805 1368 849 1392 αι’·
873 1367 902 1391 3.
924 1368 956 1391 e.
978 1357 1012 1401 t,
1046 1349 1096 1396 Q2
1118 1355 1170 1391 ad
1188 1366 1292 1401 spem
1312 1366 1342 1390 ν.
1365 1354 1488 1390 tenuis

148 1416 219 1453 XV
242 1417 278 1463 5,
301 1417 325 1452 4
352 1411 385 1457 Q
410 1417 485 1453 inte
510 1416 640 1462 modat,
673 1430 702 1453 ω
728 1416 769 1451 m
795 1417 828 1451 te
856 1414 995 1459 incidit,
1023 1407 1074 1454 Q2
1094 1416 1125 1450 te
1144 1413 1289 1449 mordet
1323 1414 1387 1459 11,
1410 1413 1433 1449 5
1456 1407 1489 1454 Q

149 1476 357 1522 meopolim,
390 1489 420 1512 ω
445 1475 645 1521 nicopolin,
676 1468 727 1515 (ζ),2
752 1474 940 1520 neapolim
975 1474 1040 1519 22,
1063 1473 1086 1508 5
1109 1466 1142 1513 Q
1160 1473 1356 1517 insatiam,
1384 1485 1413 1508 ω
1432 1472 1489 1508 in-

149 1536 340 1579 stinctam,
380 1528 430 1575 Q²
463 1535 686 1570 instruetmn
723 1532 835 1569 XVII
864 1533 899 1577 5,
929 1532 950 1568 3
980 1526 1012 1571 Q
1042 1532 1219 1576 minoris,
1259 1544 1288 1567 ω
1320 1531 1489 1575 minutis,

151 1588 201 1635 02
225 1593 436 1630 minoribus
471 1594 534 1639 10,
557 1593 579 1629 3
609 1588 641 1634 0
666 1591 871 1628 redderetis
893 1602 941 1636 36,
968 1605 998 1627 ω
1018 1590 1174 1627 reddere
1195 1590 1241 1626 ι’ἱ3
1259 1600 1309 1635 36,
1336 1583 1489 1630 029661-

150 1653 252 1689 deret
293 1653 346 1688 eis
387 1652 466 1698 suz';
510 1663 587 1688 non
627 1652 762 1699 paucis
799 1651 894 1687 locis
931 1649 1187 1686 insulsissime
1225 1659 1292 1685 suo
1331 1660 1490 1684 munere

151 1712 306 1748 functus
339 1712 407 1754 est,
440 1711 484 1746 ut
515 1710 570 1746 IX
599 1711 664 1755 14,
694 1710 744 1746 13
780 1704 812 1751 0
833 1720 908 1754 pro
930 1709 1044 1755 qemi,
1077 1721 1106 1745 co
1124 1707 1313 1753 proqemssi,
1346 1700 1397 1747 Q2
1414 1717 1489 1753 pro

149 1771 316 1816 [senetivo
343 1769 377 1805 X
400 1769 465 1815 26,
489 1770 510 1804 7
534 1763 566 1810 0
587 1769 662 1815 tito,
689 1783 718 1806 ω
738 1770 831 1813 cato,
858 1761 909 1808 Q2
929 1768 992 1803 tito
1012 1766 1126 1803 Livio
1153 1765 1208 1802 XI
1229 1765 1265 1811 5,
1285 1765 1309 1802 4
1331 1759 1363 1806 Q
1383 1776 1490 1811 ayne,

152 1843 181 1866 ω
211 1840 255 1865 ac
279 1839 342 1874 we,
375 1822 426 1868 02
451 1838 667 1875 609ηο366ν6
698 1826 790 1863 XIV
813 1829 848 1873 1,
872 1827 894 1862 2
923 1821 955 1867 Q
980 1827 1093 1871 serto,
1125 1839 1155 1862 ω
1180 1824 1289 1870 36νίο,
1322 1818 1372 1866 Q2
1396 1826 1491 1861 secto

156 1889 190 1933 1,
219 1888 241 1923 3
269 1887 471 1933 credemus,
505 1901 534 1924 co
559 1886 804 1931 credet-enm,
838 1880 888 1926 02
913 1884 1113 1921 credamus
1140 1882 1232 1919 XVI
1254 1883 1290 1928 5,
1312 1883 1334 1919 6
1364 1877 1396 1923 0
1415 1881 1492 1919 uel-

251 2025 282 2066 1)
309 2021 406 2056 Gott.
429 2021 505 2055 Gel.
526 2022 613 2054 ΑΗΖ.
638 2024 738 2061 1886,
765 2023 842 2054 482.

248 2072 281 2113 2)
309 2066 380 2103 Die
397 2069 833 2103 Eustochias-Recension
852 2067 912 2101 des
928 2067 1065 2101 Gellius
1079 2064 1254 2099 Fleckeis.
1270 2075 1351 2097 ann.
1368 2062 1492 2097 CXLV

175 2119 277 2157 1892)
302 2119 380 2149 425.

158 2118 169 2161 (
249 2165 283 2206 3)
309 2162 404 2196 Nam
430 2161 495 2195 ubi
521 2161 565 2199 (2²
597 2172 679 2195 cum
705 2161 798 2201 aliis,
825 2160 1023 2204 praecipue
1049 2162 1086 2201 B,
1113 2157 1305 2197 consentit,
1332 2156 1492 2201 plerum-

155 2221 226 2253 que
257 2209 445 2243 lenissima
478 2210 532 2242 est
563 2208 737 2251 mutatio,
767 2210 809 2241 ut
833 2207 882 2240 IX
902 2211 933 2249 2,
956 2210 974 2240 6
995 2207 1133 2240 nullius
1159 2209 1189 2245 2,
1214 2208 1253 2237 11
1282 2205 1492 2238 indeq-entm-

155 2257 237 2290 XIII
258 2261 312 2297 22,
337 2260 353 2290 1
374 2260 518 2290 ezmetos
546 2259 562 2287 7
584 2256 810 2289 calciamenti
828 2253 911 2287 XVI
925 2258 956 2296 4,
972 2257 990 2286 2
1008 2253 1161 2288 censebis
1175 2263 1243 2286 esse
1258 2250 1321 2292 a1.;
1343 2250 1490 2295 gravius

157 2306 212 2338 est
237 2303 336 2337 XVII
358 2308 399 2337 16
420 2303 540 2337 lemm.
562 2302 770 2347 detegendis.
