1617 2484
693 80 739 113 lx
768 83 805 121 9;
835 84 875 114 10
1370 81 1455 121 322}

116 188 283 240 quando
327 187 444 228 nulla
482 187 616 228 maior
654 187 990 240 cumulatiorque
1029 188 1324 241 pulcritudinis
1362 190 1514 231 laus17

116 246 196 286 dici
229 247 425 300 potuerit,
460 260 585 299 quam
620 246 731 299 quod
763 261 847 286 una
879 246 988 287 inter
1021 247 1155 288 omnis
1189 248 1355 301 pulcras
1388 263 1454 289 ex-

116 305 301 357 celleret,
332 319 416 345 una
446 305 569 345 facile
602 308 642 345 et
675 319 724 345 ex
757 305 953 345 omnibus
986 309 1238 346 nosceretur.

766 421 803 461 X

78 512 93 535 5
114 500 218 542 Quod
240 501 412 535 Annaeus
439 500 619 535 Cornutus
642 512 765 535 versus
786 501 953 545 Vergilii,
981 503 1114 546 quibus
1135 502 1288 537 Veneris
1309 506 1346 537 et
1365 503 1454 537 Vul-

59 813 92 838 10

58 1105 89 1131 15

56 1420 90 1445 20

161 549 243 582 cani
265 549 501 582 concubitum
521 548 654 592 pudice
675 551 873 592 operteque
894 550 999 592 dixit,
1020 550 1300 593 reprehensione
1323 561 1454 594 spurca

160 597 197 629 et
223 595 351 629 odiosa
376 595 595 639 inquinavit.

200 677 462 720 Annianus
515 682 640 732 poeta
690 683 731 720 et
781 681 971 733 plerique
1021 694 1113 720 cum
1167 695 1215 721 eo
1266 681 1450 721 eiusdem

111 736 256 778 Musae
288 738 366 778 viri
399 738 574 778 summis
606 738 877 791 adsiduisque
905 739 1100 779 laudibus
1127 739 1204 779 hos
1232 739 1452 793 Vergilii

111 810 255 836 versus
294 796 472 849 ferebat,
511 796 664 849 quibus
699 795 935 837 Volcanum
973 801 1014 838 et
1045 796 1252 838 Venerem
1285 798 1452 838 iunctos

112 855 352 907 mixtosque
383 855 474 895 iure
506 855 704 909 coniugii,
736 869 823 896 rem
849 856 942 910 lege
968 859 1143 896 naturae
1171 856 1452 909 operiendam,

110 914 345 953 verecunda
382 914 563 966 quadam
598 914 875 955 translatione
906 914 1149 966 verborum,
1187 928 1281 954 cum
1317 917 1452 955 osten-

111 971 226 1011 deret
276 972 683 1025 demonstraretque,
732 974 928 1026 protexit.
1005 971 1074 1013 Sic
1123 973 1234 1013 enim
1283 973 1452 1027 scripsit

110 1029 183 1082 (A.
212 1029 468 1084 VIII404):

981 1104 1033 1130 ea
1065 1090 1215 1130 verba
1247 1091 1450 1130 locutus

171 1149 374 1200 optatos
413 1147 550 1188 dedit
585 1148 845 1201 amplexus
878 1148 1232 1201 placidumque
1265 1149 1451 1202 petivit

170 1205 425 1259 coniugis
469 1207 686 1247 infusus
725 1207 930 1261 gremio
970 1221 1062 1259 per
1099 1207 1331 1248 membra
1370 1221 1451 1248 so-

886 1278 1066 1318 porem.

109 1344 249 1386 Minus
287 1349 428 1387 autem
464 1346 636 1387 difficile
668 1361 758 1387 esse
788 1347 1104 1387 arbitrabantur
1134 1348 1178 1387 in
1209 1347 1450 1388 istiusmodi

108 1418 152 1444 re
179 1403 404 1459 digerenda
430 1405 568 1445 verbis
594 1405 656 1445 uti
681 1419 766 1445 uno
793 1408 920 1458 atque
946 1406 1078 1446 altero
1105 1405 1222 1446 brevi
1247 1407 1450 1458 tenuique

109 1476 200 1503 eam
245 1463 365 1518 signo
410 1464 816 1516 demonstrantibus,
860 1464 969 1505 sicut
1006 1462 1252 1505 Homerus
1297 1464 1451 1505 dixerit

108 1519 204 1573 (Od.
240 1521 319 1562 XI
341 1523 447 1575 245)
489 1524 782 1575 παρθενίην
825 1522 988 1576 ζώνην
1032 1526 1074 1563 et
1117 1522 1319 1575 (XXIII
1342 1524 1449 1576 296)

109 1578 344 1634 λέκτροιο
388 1581 587 1634 θεσμὸν
630 1584 672 1622 et
710 1580 805 1634 (XI
833 1582 939 1634 246)
983 1579 1106 1635 ἔργα
1150 1583 1448 1634 φιλοτήσια,

107 1640 173 1678 tot
204 1652 303 1679 vero
336 1641 377 1679 et
405 1641 492 1679 tam
520 1639 784 1680 evidentibus
811 1653 859 1679 ac
883 1642 1026 1680 tamen
1051 1653 1137 1680 non
1162 1639 1448 1693 praetextatis,

55 1713 70 1737 2
108 1696 180 1737 sed
205 1697 321 1750 puris
346 1697 620 1750 honestisque
645 1698 784 1738 verbis
810 1698 1094 1738 venerandum
1120 1698 1225 1738 illud
1253 1698 1448 1738 concubii

108 1755 250 1807 pudici
282 1758 488 1796 secretum
520 1757 731 1797 neminem
764 1770 1018 1809 quemquam
1051 1756 1181 1797 alium
1214 1756 1378 1797 dixisse.

198 1811 279 1854 Sed
322 1813 555 1855 Annaeus
600 1813 869 1866 Cornutus,
918 1814 1047 1855 homo
1097 1829 1196 1854 sane
1246 1814 1447 1867 pleraque

107 1871 189 1912 alia
220 1886 307 1913 non
337 1872 531 1913 indoctus
557 1887 692 1926 neque
718 1873 959 1926 inprudens,
990 1873 1035 1913 in
1061 1873 1278 1913 secundo
1305 1876 1448 1913 tamen

201 2001 221 2031 8
237 2010 313 2042 sqq.
348 1998 410 2032 cfr.
440 1998 534 2032 GLK
558 1998 574 2032 I
600 2002 679 2041 275,
709 2003 744 2041 1;
771 2002 850 2041 460,
873 2003 914 2032 15
941 1998 990 2032 VI
1010 2002 1090 2039 467,
1112 2003 1155 2032 ‘24
1183 1998 1278 2033 SerV.
1299 2000 1340 2032 A.
1363 1998 1447 2032 VIII

107 2048 174 2079 406
200 2045 285 2079 Isid.
306 2045 322 2078 I
343 2049 398 2088 36,
421 2049 463 2078 15

202 2166 222 2195 2
241 2163 380 2206 poterit
394 2162 424 2196 δ
435 2162 446 2207 Η
460 2165 480 2195 3
501 2164 537 2195 et
551 2172 616 2195 om.
631 2163 749 2195 BNH
759 2162 770 2206 fi
784 2164 803 2194 6
824 2163 1025 2205 operteque
1040 2164 1086 2196 Π
1089 2165 1112 2195 Ζ
1127 2164 1380 2207 oportuneque
1395 2165 1421 2199 Q
1443 2163 1446 2207 1

109 2212 151 2242 10
183 2208 352 2243 ferebant
376 2210 487 2242 ΒΖΠ
509 2210 519 2252 ΙΙ
547 2212 586 2242 11
614 2208 709 2254 iure]
735 2208 817 2252 lege
841 2211 867 2241 B
893 2210 904 2252 ΙΙ
930 2212 971 2242 19
998 2209 1036 2242 111
1062 2220 1128 2243 om.
1149 2211 1233 2242 NH
1249 2211 1259 2252 ΙΙ
1280 2212 1322 2242 20
1348 2209 1445 2242 redi-

107 2256 270 2299 gerenda
290 2259 317 2293 Q,
335 2255 526 2289 reticenda
544 2258 574 2287 N
593 2255 797 2299 redigenda
815 2254 898 2288 N²co
917 2266 956 2289 re
977 2255 1135 2289 dicenda
1153 2256 1281 2290 Carrio
1304 2258 1307 2299 Ι
1329 2257 1371 2289 ut
1391 2256 1420 2289 δ
1434 2256 1445 2301 Η

108 2305 151 2335 23
165 2303 321 2337 ΕΕΜΟΝ
334 2305 390 2335 ΒΖ
401 2302 466 2347 1125
480 2301 596 2346 pluris
609 2302 716 2338 Q¹Bz
732 2302 734 2347 ζ
749 2302 923 2336 connubii
934 2305 960 2334 B
971 2302 981 2347 l]
993 2305 1036 2336 27
1047 2302 1228 2346 pluraque
1240 2302 1409 2345 (saepius)
1420 2305 1444 2334 Z

1490 986 1509 1015 to
