<?xml version="1.0" encoding="UTF-8"?>
<!DOCTYPE html PUBLIC "-//W3C//DTD XHTML 1.0 Transitional//EN"
    "http://www.w3.org/TR/xhtml1/DTD/xhtml1-transitional.dtd">
<html xmlns="http://www.w3.org/1999/xhtml" xml:lang="en" lang="en">
 <head>
  <title>
</title>
<meta http-equiv="Content-Type" content="text/html;charset=utf-8" />
  <meta name='ocr-system' content='tesseract 3.04.00' />
  <meta name='ocr-capabilities' content='ocr_page ocr_carea ocr_par ocr_line ocrx_word'/>
</head>
<body>
  <div class='ocr_page' id='page_1' title='image "./agelliinoctiumat01gelluoft_0357.png"; bbox 0 0 1617 2484; ppageno 0'>
   <div class='ocr_carea' id='block_1_1' title="bbox 34 541 1423 597">
    <p class='ocr_par' dir='ltr' id='par_1_1' title="bbox 34 541 1423 597">
     <span class='ocr_line' id='line_1_1' title="bbox 34 541 1423 597; baseline 0.001 -15"><span class='ocrx_word' id='word_1_1' title='bbox 34 566 35 569; x_wconf 65' lang='lat'><em>=</em></span> <span class='ocrx_word' id='word_1_2' title='bbox 79 541 133 583; x_wconf 91' lang='lat' dir='ltr'>M.</span> <span class='ocrx_word' id='word_1_3' title='bbox 180 542 441 595; x_wconf 80' lang='lat' dir='ltr'>Varronis,</span> <span class='ocrx_word' id='word_1_4' title='bbox 491 558 597 597; x_wconf 88' lang='lat' dir='ltr'>quae</span> <span class='ocrx_word' id='word_1_5' title='bbox 647 544 848 597; x_wconf 83' lang='lat' dir='ltr'>inscripta</span> <span class='ocrx_word' id='word_1_6' title='bbox 898 547 961 584; x_wconf 87' lang='lat' dir='ltr'>est</span> <span class='ocrx_word' id='word_1_7' title='bbox 1011 542 1090 592; x_wconf 72' lang='grc' dir='ltr'>δὶς</span> <span class='ocrx_word' id='word_1_8' title='bbox 1138 545 1318 593; x_wconf 74' lang='grc' dir='ltr'><em>παῖδες</em></span> <span class='ocrx_word' id='word_1_9' title='bbox 1372 544 1423 584; x_wconf 76' lang='grc' dir='ltr'>οἶ</span> 
     </span>
    </p>
   </div>
   <div class='ocr_carea' id='block_1_2' title="bbox 27 809 59 834">
    <p class='ocr_par' dir='ltr' id='par_1_2' title="bbox 27 809 59 834">
     <span class='ocr_line' id='line_1_2' title="bbox 27 809 59 834; baseline -0.031 0"><span class='ocrx_word' id='word_1_10' title='bbox 27 809 59 834; x_wconf 85' lang='lat'>10</span> 
     </span>
    </p>
   </div>
   <div class='ocr_carea' id='block_1_3' title="bbox 26 1100 57 1126">
    <p class='ocr_par' dir='ltr' id='par_1_3' title="bbox 26 1100 57 1126">
     <span class='ocr_line' id='line_1_3' title="bbox 26 1100 57 1126; baseline 0.032 -1"><span class='ocrx_word' id='word_1_11' title='bbox 26 1100 57 1126; x_wconf 85' lang='lat'>15</span> 
     </span>
    </p>
   </div>
   <div class='ocr_carea' id='block_1_4' title="bbox 25 1431 58 1455">
    <p class='ocr_par' dir='ltr' id='par_1_4' title="bbox 25 1431 58 1455">
     <span class='ocr_line' id='line_1_4' title="bbox 25 1431 58 1455; baseline 0 0"><span class='ocrx_word' id='word_1_12' title='bbox 25 1431 58 1455; x_wconf 79' lang='lat'>20</span> 
     </span>
    </p>
   </div>
   <div class='ocr_carea' id='block_1_5' title="bbox 616 82 1424 128">
    <p class='ocr_par' dir='ltr' id='par_1_5' title="bbox 616 82 1424 128">
     <span class='ocr_line' id='line_1_5' title="bbox 616 82 1424 128; baseline 0.01 -13"><span class='ocrx_word' id='word_1_13' title='bbox 616 82 681 115; x_wconf 82' lang='lat' dir='ltr'>vn</span> <span class='ocrx_word' id='word_1_14' title='bbox 709 82 782 128; x_wconf 74' lang='lat' dir='ltr'>(VI)</span> <span class='ocrx_word' id='word_1_15' title='bbox 811 86 848 126; x_wconf 69' lang='lat'>53</span> <span class='ocrx_word' id='word_1_16' title='bbox 876 87 895 116; x_wconf 80' lang='lat'>6</span> <span class='ocrx_word' id='word_1_17' title='bbox 1340 83 1424 123; x_wconf 78' lang='grc'>289</span> 
     </span>
    </p>
   </div>
   <div class='ocr_carea' id='block_1_6' title="bbox 80 190 1420 290">
    <p class='ocr_par' dir='ltr' id='par_1_6' title="bbox 80 190 1420 290">
     <span class='ocr_line' id='line_1_6' title="bbox 81 190 1420 243; baseline 0 -12"><span class='ocrx_word' id='word_1_18' title='bbox 81 190 279 243; x_wconf 85' lang='lat' dir='ltr'>omnique</span> <span class='ocrx_word' id='word_1_19' title='bbox 312 190 446 230; x_wconf 89' lang='lat' dir='ltr'>aliena</span> <span class='ocrx_word' id='word_1_20' title='bbox 473 191 647 230; x_wconf 84' lang='lat' dir='ltr'>materia</span> <span class='ocrx_word' id='word_1_21' title='bbox 674 204 816 231; x_wconf 82' lang='lat' dir='ltr'>carens</span> <span class='ocrx_word' id='word_1_22' title='bbox 844 191 1124 243; x_wconf 86' lang='lat' dir='ltr'>omnibusque</span> <span class='ocrx_word' id='word_1_23' title='bbox 1152 205 1201 231; x_wconf 83' lang='lat' dir='ltr'>ex</span> <span class='ocrx_word' id='word_1_24' title='bbox 1228 205 1276 231; x_wconf 90' lang='lat' dir='ltr'>eo</span> <span class='ocrx_word' id='word_1_25' title='bbox 1306 191 1420 231; x_wconf 86' lang='lat' dir='ltr'>vitiis</span> 
     </span>
     <span class='ocr_line' id='line_1_7' title="bbox 80 249 998 290; baseline 0 -1"><span class='ocrx_word' id='word_1_26' title='bbox 80 249 276 289; x_wconf 82' lang='lat' dir='ltr'>detractis</span> <span class='ocrx_word' id='word_1_27' title='bbox 309 249 590 289; x_wconf 79' lang='lat' dir='ltr'>emaculatum</span> <span class='ocrx_word' id='word_1_28' title='bbox 624 252 665 290; x_wconf 89' lang='lat' dir='ltr'>et</span> <span class='ocrx_word' id='word_1_29' title='bbox 698 250 998 290; x_wconf 82' lang='lat' dir='ltr'>oandefactum.</span> 
     </span>
    </p>
   </div>
   <div class='ocr_carea' id='block_1_7' title="bbox 169 306 1478 361">
    <p class='ocr_par' dir='ltr' id='par_1_7' title="bbox 169 306 1478 361">
     <span class='ocr_line' id='line_1_8' title="bbox 169 306 1478 361; baseline 0.001 -14"><span class='ocrx_word' id='word_1_30' title='bbox 169 306 382 361; x_wconf 77' lang='lat' dir='ltr'>Scriptum</span> <span class='ocrx_word' id='word_1_31' title='bbox 427 311 490 348; x_wconf 82' lang='lat' dir='ltr'>est</span> <span class='ocrx_word' id='word_1_32' title='bbox 527 311 666 348; x_wconf 88' lang='lat' dir='ltr'>autem</span> <span class='ocrx_word' id='word_1_33' title='bbox 706 309 872 361; x_wconf 77' lang='lat' dir='ltr'>‘purum</span> <span class='ocrx_word' id='word_1_34' title='bbox 913 309 1077 361; x_wconf 89' lang='lat' dir='ltr'>putum’</span> <span class='ocrx_word' id='word_1_35' title='bbox 1118 322 1203 349; x_wconf 91' lang='lat' dir='ltr'>non</span> <span class='ocrx_word' id='word_1_36' title='bbox 1242 309 1283 348; x_wconf 91' lang='lat' dir='ltr'>in</span> <span class='ocrx_word' id='word_1_37' title='bbox 1323 307 1419 349; x_wconf 83' lang='lat' dir='ltr'>Car·</span> <span class='ocrx_word' id='word_1_38' title='bbox 1437 319 1478 348; x_wconf 83' lang='lat'>10</span> 
     </span>
    </p>
   </div>
   <div class='ocr_carea' id='block_1_8' title="bbox 79 365 1420 537">
    <p class='ocr_par' dir='ltr' id='par_1_8' title="bbox 79 365 1420 537">
     <span class='ocr_line' id='line_1_9' title="bbox 79 365 1418 420; baseline 0.001 -14"><span class='ocrx_word' id='word_1_39' title='bbox 79 365 335 420; x_wconf 88' lang='lat' dir='ltr'>thaginiensi</span> <span class='ocrx_word' id='word_1_40' title='bbox 379 367 516 407; x_wconf 85' lang='lat' dir='ltr'>solum</span> <span class='ocrx_word' id='word_1_41' title='bbox 561 367 745 419; x_wconf 83' lang='lat' dir='ltr'>foedere,</span> <span class='ocrx_word' id='word_1_42' title='bbox 793 368 863 407; x_wconf 87' lang='lat' dir='ltr'>sed</span> <span class='ocrx_word' id='word_1_43' title='bbox 908 381 1002 407; x_wconf 75' lang='lat' dir='ltr'>cum</span> <span class='ocrx_word' id='word_1_44' title='bbox 1048 368 1091 407; x_wconf 90' lang='lat' dir='ltr'>in</span> <span class='ocrx_word' id='word_1_45' title='bbox 1135 368 1280 408; x_wconf 83' lang='lat' dir='ltr'>multis</span> <span class='ocrx_word' id='word_1_46' title='bbox 1325 367 1418 407; x_wconf 86' lang='lat' dir='ltr'>aliis</span> 
     </span>
     <span class='ocr_line' id='line_1_10' title="bbox 80 425 1419 481; baseline 0.001 -16"><span class='ocrx_word' id='word_1_47' title='bbox 80 427 266 465; x_wconf 86' lang='lat' dir='ltr'>veterum</span> <span class='ocrx_word' id='word_1_48' title='bbox 299 425 436 474; x_wconf 78' lang='lat' dir='ltr'>libris,</span> <span class='ocrx_word' id='word_1_49' title='bbox 475 429 565 466; x_wconf 87' lang='lat' dir='ltr'>tum</span> <span class='ocrx_word' id='word_1_50' title='bbox 598 427 641 465; x_wconf 89' lang='lat' dir='ltr'>in</span> <span class='ocrx_word' id='word_1_51' title='bbox 674 426 718 474; x_wconf 84' lang='lat' dir='ltr'>Q.</span> <span class='ocrx_word' id='word_1_52' title='bbox 753 440 921 479; x_wconf 87' lang='lat' dir='ltr'>quoque</span> <span class='ocrx_word' id='word_1_53' title='bbox 954 426 1104 466; x_wconf 83' lang='lat' dir='ltr'>Ennii</span> <span class='ocrx_word' id='word_1_54' title='bbox 1136 426 1419 481; x_wconf 88' lang='lat' dir='ltr'>tragoedia,</span> 
     </span>
     <span class='ocr_line' id='line_1_11' title="bbox 80 483 1420 537; baseline 0.001 -13"><span class='ocrx_word' id='word_1_55' title='bbox 80 498 185 537; x_wconf 88' lang='lat' dir='ltr'>quae</span> <span class='ocrx_word' id='word_1_56' title='bbox 223 484 466 524; x_wconf 66' lang='lat' dir='ltr'>inscribitur</span> <span class='ocrx_word' id='word_1_57' title='bbox 497 483 782 525; x_wconf 78' lang='lat' dir='ltr'>Alexander</span> <span class='ocrx_word' id='word_1_58' title='bbox 814 491 866 531; x_wconf 65' lang='lat' dir='ltr'>(r.</span> <span class='ocrx_word' id='word_1_59' title='bbox 889 488 944 525; x_wconf 57' lang='lat' dir='ltr'>(ix.)</span> <span class='ocrx_word' id='word_1_60' title='bbox 965 484 1071 536; x_wconf 65' lang='lat' dir='ltr'>w),</span> <span class='ocrx_word' id='word_1_61' title='bbox 1110 487 1152 525; x_wconf 88' lang='lat' dir='ltr'>et</span> <span class='ocrx_word' id='word_1_62' title='bbox 1186 486 1230 525; x_wconf 91' lang='lat' dir='ltr'>in</span> <span class='ocrx_word' id='word_1_63' title='bbox 1262 486 1420 526; x_wconf 84' lang='lat' dir='ltr'>satira</span> 
     </span>
    </p>
   </div>
   <div class='ocr_carea' id='block_1_9' title="bbox 79 600 790 759">
    <p class='ocr_par' dir='ltr' id='par_1_9' title="bbox 79 600 790 759">
     <span class='ocr_line' id='line_1_12' title="bbox 79 600 790 655; baseline 0 -13"><span class='ocrx_word' id='word_1_64' title='bbox 79 600 319 653; x_wconf 73' lang='grc' dir='ltr'><em>γέροντες</em></span> <span class='ocrx_word' id='word_1_65' title='bbox 352 604 421 654; x_wconf 78' lang='lat' dir='ltr'>(fr.</span> <span class='ocrx_word' id='word_1_66' title='bbox 443 606 495 642; x_wconf 69' lang='lat'>91</span> <span class='ocrx_word' id='word_1_67' title='bbox 515 602 598 655; x_wconf 54' lang='lat' dir='ltr'>B).</span> <span class='ocrx_word' id='word_1_68' title='bbox 786 620 790 623; x_wconf 92' lang='lat'>·</span> 
     </span>
     <span class='ocr_line' id='line_1_13' title="bbox 719 718 779 759; baseline 0 0"><span class='ocrx_word' id='word_1_69' title='bbox 719 718 779 759; x_wconf 86' lang='lat' dir='ltr'>VI</span> 
     </span>
    </p>
   </div>
   <div class='ocr_carea' id='block_1_10' title="bbox 78 798 1419 984">
    <p class='ocr_par' dir='ltr' id='par_1_10' title="bbox 78 798 1419 984">
     <span class='ocr_line' id='line_1_14' title="bbox 78 798 1417 843; baseline 0.001 -11"><span class='ocrx_word' id='word_1_70' title='bbox 78 798 229 833; x_wconf 81' lang='lat' dir='ltr'>Temere</span> <span class='ocrx_word' id='word_1_71' title='bbox 254 798 452 842; x_wconf 73' lang='lat' dir='ltr'>inepteque</span> <span class='ocrx_word' id='word_1_72' title='bbox 478 799 739 843; x_wconf 86' lang='lat' dir='ltr'>reprehensum</span> <span class='ocrx_word' id='word_1_73' title='bbox 765 810 844 834; x_wconf 85' lang='lat' dir='ltr'>esse</span> <span class='ocrx_word' id='word_1_74' title='bbox 871 810 891 833; x_wconf 84' lang='lat' dir='ltr'>a</span> <span class='ocrx_word' id='word_1_75' title='bbox 919 800 1010 833; x_wconf 89' lang='lat' dir='ltr'>lulio</span> <span class='ocrx_word' id='word_1_76' title='bbox 1031 799 1178 843; x_wconf 77' lang='lat' dir='ltr'>Hygino</span> <span class='ocrx_word' id='word_1_77' title='bbox 1200 799 1417 843; x_wconf 75' lang='lat' dir='ltr'>Vergilium,</span> 
     </span>
     <span class='ocr_line' id='line_1_15' title="bbox 125 846 1419 891; baseline 0.002 -12"><span class='ocrx_word' id='word_1_78' title='bbox 125 846 223 890; x_wconf 90' lang='lat' dir='ltr'>quod</span> <span class='ocrx_word' id='word_1_79' title='bbox 248 846 470 890; x_wconf 84' lang='lat' dir='ltr'>‘praepetes’</span> <span class='ocrx_word' id='word_1_80' title='bbox 492 847 649 880; x_wconf 84' lang='lat' dir='ltr'>Daedali</span> <span class='ocrx_word' id='word_1_81' title='bbox 669 858 811 891; x_wconf 84' lang='lat' dir='ltr'>pennas</span> <span class='ocrx_word' id='word_1_82' title='bbox 834 847 942 889; x_wconf 74' lang='lat' dir='ltr'>dixit3</span> <span class='ocrx_word' id='word_1_83' title='bbox 971 848 1081 890; x_wconf 83' lang='lat' dir='ltr'>atque</span> <span class='ocrx_word' id='word_1_84' title='bbox 1102 847 1206 888; x_wconf 77' lang='lat' dir='ltr'>inibi,</span> <span class='ocrx_word' id='word_1_85' title='bbox 1235 847 1322 891; x_wconf 85' lang='lat' dir='ltr'>quid</span> <span class='ocrx_word' id='word_1_86' title='bbox 1345 847 1419 881; x_wconf 85' lang='lat' dir='ltr'>sint</span> 
     </span>
     <span class='ocr_line' id='line_1_16' title="bbox 125 893 1415 937; baseline 0 -10"><span class='ocrx_word' id='word_1_87' title='bbox 125 903 209 927; x_wconf 82' lang='lat' dir='ltr'>aves</span> <span class='ocrx_word' id='word_1_88' title='bbox 235 895 427 937; x_wconf 72' lang='lat' dir='ltr'>praepetes</span> <span class='ocrx_word' id='word_1_89' title='bbox 449 895 485 927; x_wconf 86' lang='lat' dir='ltr'>et</span> <span class='ocrx_word' id='word_1_90' title='bbox 504 893 594 936; x_wconf 86' lang='lat' dir='ltr'>quid</span> <span class='ocrx_word' id='word_1_91' title='bbox 615 894 700 928; x_wconf 84' lang='lat' dir='ltr'>illae</span> <span class='ocrx_word' id='word_1_92' title='bbox 722 894 796 927; x_wconf 79' lang='lat' dir='ltr'>sint</span> <span class='ocrx_word' id='word_1_93' title='bbox 816 905 911 936; x_wconf 74' lang='lat' dir='ltr'>aves⁷</span> <span class='ocrx_word' id='word_1_94' title='bbox 939 905 1030 936; x_wconf 75' lang='lat' dir='ltr'>quas</span> <span class='ocrx_word' id='word_1_95' title='bbox 1051 894 1225 936; x_wconf 80' lang='lat' dir='ltr'>Nigidius</span> <span class='ocrx_word' id='word_1_96' title='bbox 1249 894 1415 928; x_wconf 77' lang='lat' dir='ltr'>‘inseras&#39;</span> 
     </span>
     <span class='ocr_line' id='line_1_17' title="bbox 126 940 339 984; baseline 0.005 -11"><span class='ocrx_word' id='word_1_97' title='bbox 126 940 339 984; x_wconf 88' lang='lat' dir='ltr'>appellavit.</span> 
     </span>
    </p>
   </div>
   <div class='ocr_carea' id='block_1_11' title="bbox 136 1024 1417 1138">
    <p class='ocr_par' dir='ltr' id='par_1_11' title="bbox 136 1024 1417 1138">
     <span class='ocr_line' id='line_1_18' title="bbox 136 1024 1417 1080; baseline 0.001 -15"><span class='ocrx_word' id='word_1_98' title='bbox 136 1024 403 1077; x_wconf 87' lang='lat' dir='ltr'>Daedalus,</span> <span class='ocrx_word' id='word_1_99' title='bbox 444 1028 494 1065; x_wconf 90' lang='lat' dir='ltr'>ut</span> <span class='ocrx_word' id='word_1_100' title='bbox 525 1026 654 1066; x_wconf 87' lang='lat' dir='ltr'>fama</span> <span class='ocrx_word' id='word_1_101' title='bbox 687 1029 778 1078; x_wconf 89' lang='lat' dir='ltr'>est,</span> <span class='ocrx_word' id='word_1_102' title='bbox 810 1026 1010 1080; x_wconf 80' lang='lat' dir='ltr'>fugiens</span> <span class='ocrx_word' id='word_1_103' title='bbox 1044 1025 1232 1066; x_wconf 86' lang='lat' dir='ltr'>Minoia</span> <span class='ocrx_word' id='word_1_104' title='bbox 1263 1040 1417 1080; x_wconf 85' lang='lat' dir='ltr'>regna</span> 
     </span>
     <span class='ocr_line' id='line_1_19' title="bbox 136 1084 1357 1138; baseline 0.001 -14"><span class='ocrx_word' id='word_1_105' title='bbox 136 1084 463 1137; x_wconf 74' lang='lat' dir='ltr'>praepetibus</span> <span class='ocrx_word' id='word_1_106' title='bbox 496 1086 673 1138; x_wconf 89' lang='lat' dir='ltr'>pennis</span> <span class='ocrx_word' id='word_1_107' title='bbox 707 1099 855 1125; x_wconf 87' lang='lat' dir='ltr'>ausus</span> <span class='ocrx_word' id='word_1_108' title='bbox 889 1098 938 1124; x_wconf 88' lang='lat' dir='ltr'>se</span> <span class='ocrx_word' id='word_1_109' title='bbox 971 1085 1173 1125; x_wconf 78' lang='lat' dir='ltr'>credere</span> <span class='ocrx_word' id='word_1_110' title='bbox 1207 1084 1357 1125; x_wconf 80' lang='lat' dir='ltr'>eaelo.</span> 
     </span>
    </p>
   </div>
   <div class='ocr_carea' id='block_1_12' title="bbox 78 1176 1420 1703">
    <p class='ocr_par' dir='ltr' id='par_1_12' title="bbox 78 1176 1420 1585">
     <span class='ocr_line' id='line_1_20' title="bbox 78 1176 1416 1232; baseline 0.001 -15"><span class='ocrx_word' id='word_1_111' title='bbox 78 1176 127 1218; x_wconf 88' lang='lat' dir='ltr'>In</span> <span class='ocrx_word' id='word_1_112' title='bbox 152 1177 218 1218; x_wconf 87' lang='lat' dir='ltr'>his</span> <span class='ocrx_word' id='word_1_113' title='bbox 240 1176 460 1232; x_wconf 79' lang='lat' dir='ltr'>Vergilii</span> <span class='ocrx_word' id='word_1_114' title='bbox 481 1178 552 1230; x_wconf 81' lang='lat' dir='ltr'>(A.</span> <span class='ocrx_word' id='word_1_115' title='bbox 578 1179 643 1219; x_wconf 85' lang='lat' dir='ltr'>VI</span> <span class='ocrx_word' id='word_1_116' title='bbox 651 1182 722 1224; x_wconf 68' lang='lat'>14)</span> <span class='ocrx_word' id='word_1_117' title='bbox 745 1179 934 1219; x_wconf 85' lang='lat' dir='ltr'>versibus</span> <span class='ocrx_word' id='word_1_118' title='bbox 961 1178 1231 1231; x_wconf 78' lang='lat' dir='ltr'>reprehendit</span> <span class='ocrx_word' id='word_1_119' title='bbox 1254 1177 1416 1219; x_wconf 89' lang='lat' dir='ltr'>Iulius</span> 
     </span>
     <span class='ocr_line' id='line_1_21' title="bbox 78 1235 1419 1291; baseline 0.001 -15"><span class='ocrx_word' id='word_1_120' title='bbox 78 1235 309 1290; x_wconf 81' lang='lat' dir='ltr'>Hyginus</span> <span class='ocrx_word' id='word_1_121' title='bbox 344 1239 412 1289; x_wconf 76' lang='lat' dir='ltr'>(fr.</span> <span class='ocrx_word' id='word_1_122' title='bbox 439 1241 466 1277; x_wconf 82' lang='lat'><em>3</em></span> <span class='ocrx_word' id='word_1_123' title='bbox 494 1252 532 1289; x_wconf 70' lang='grc' dir='ltr'>ρ.</span> <span class='ocrx_word' id='word_1_124' title='bbox 559 1240 617 1278; x_wconf 63' lang='lat'>24</span> <span class='ocrx_word' id='word_1_125' title='bbox 643 1237 743 1289; x_wconf 68' lang='lat' dir='ltr'>Bu.)</span> <span class='ocrx_word' id='word_1_126' title='bbox 783 1238 946 1291; x_wconf 71' lang='lat' dir='ltr'>‘pennis</span> <span class='ocrx_word' id='word_1_127' title='bbox 979 1238 1263 1290; x_wconf 87' lang='lat' dir='ltr'>praepetibus&#39;</span> <span class='ocrx_word' id='word_1_128' title='bbox 1299 1238 1419 1291; x_wconf 89' lang='lat' dir='ltr'>quasi</span> 
     </span>
     <span class='ocr_line' id='line_1_22' title="bbox 78 1295 1420 1350; baseline 0.001 -15"><span class='ocrx_word' id='word_1_129' title='bbox 78 1296 292 1349; x_wconf 85' lang='lat' dir='ltr'>inproprie</span> <span class='ocrx_word' id='word_1_130' title='bbox 329 1298 371 1336; x_wconf 86' lang='lat' dir='ltr'>et</span> <span class='ocrx_word' id='word_1_131' title='bbox 408 1296 555 1336; x_wconf 78' lang='lat' dir='ltr'>inscite</span> <span class='ocrx_word' id='word_1_132' title='bbox 587 1297 756 1337; x_wconf 77' lang='lat' dir='ltr'>dictum.</span> <span class='ocrx_word' id='word_1_133' title='bbox 821 1295 945 1336; x_wconf 79' lang='lat' dir='ltr'>‘Nam</span> <span class='ocrx_word' id='word_1_134' title='bbox 980 1296 1246 1349; x_wconf 77' lang='lat' dir='ltr'>‘praepetes”</span> <span class='ocrx_word' id='word_1_135' title='bbox 1281 1296 1420 1350; x_wconf 90' lang='lat' dir='ltr'>inquit</span> 
     </span>
     <span class='ocr_line' id='line_1_23' title="bbox 79 1354 1419 1408; baseline 0.001 -14"><span class='ocrx_word' id='word_1_136' title='bbox 79 1355 190 1394; x_wconf 71' lang='lat' dir='ltr'>‘aves</span> <span class='ocrx_word' id='word_1_137' title='bbox 234 1354 284 1394; x_wconf 87' lang='lat' dir='ltr'>ab</span> <span class='ocrx_word' id='word_1_138' title='bbox 327 1355 558 1408; x_wconf 78' lang='lat' dir='ltr'>auguribus</span> <span class='ocrx_word' id='word_1_139' title='bbox 597 1356 880 1408; x_wconf 79' lang='lat' dir='ltr'>appellantur,</span> <span class='ocrx_word' id='word_1_140' title='bbox 926 1369 1032 1408; x_wconf 87' lang='lat' dir='ltr'>quae</span> <span class='ocrx_word' id='word_1_141' title='bbox 1071 1358 1143 1395; x_wconf 89' lang='lat' dir='ltr'>aut</span> <span class='ocrx_word' id='word_1_142' title='bbox 1181 1358 1419 1408; x_wconf 79' lang='lat' dir='ltr'>opportune</span> 
     </span>
     <span class='ocr_line' id='line_1_24' title="bbox 78 1412 1419 1468; baseline 0.001 -15"><span class='ocrx_word' id='word_1_143' title='bbox 78 1413 324 1466; x_wconf 79' lang='lat' dir='ltr'>praevolant</span> <span class='ocrx_word' id='word_1_144' title='bbox 351 1416 424 1454; x_wconf 91' lang='lat' dir='ltr'>aut</span> <span class='ocrx_word' id='word_1_145' title='bbox 449 1414 619 1455; x_wconf 86' lang='lat' dir='ltr'>idoneas</span> <span class='ocrx_word' id='word_1_146' title='bbox 647 1414 763 1455; x_wconf 87' lang='lat' dir='ltr'>sedes</span> <span class='ocrx_word' id='word_1_147' title='bbox 791 1414 989 1467; x_wconf 81' lang='lat' dir='ltr'>capiunt’</span> <span class='ocrx_word' id='word_1_148' title='bbox 1041 1412 1141 1454; x_wconf 91' lang='lat' dir='ltr'>Non</span> <span class='ocrx_word' id='word_1_149' title='bbox 1166 1417 1263 1467; x_wconf 90' lang='lat' dir='ltr'>apte</span> <span class='ocrx_word' id='word_1_150' title='bbox 1287 1414 1419 1468; x_wconf 89' lang='lat' dir='ltr'>igitur</span> 
     </span>
     <span class='ocr_line' id='line_1_25' title="bbox 78 1472 1419 1527; baseline 0.001 -15"><span class='ocrx_word' id='word_1_151' title='bbox 78 1486 201 1512; x_wconf 85' lang='lat' dir='ltr'>usum</span> <span class='ocrx_word' id='word_1_152' title='bbox 227 1472 353 1512; x_wconf 85' lang='lat' dir='ltr'>verbo</span> <span class='ocrx_word' id='word_1_153' title='bbox 381 1473 573 1527; x_wconf 86' lang='lat' dir='ltr'>augurali</span> <span class='ocrx_word' id='word_1_154' title='bbox 599 1473 856 1513; x_wconf 81' lang='lat' dir='ltr'>existimavit</span> <span class='ocrx_word' id='word_1_155' title='bbox 882 1474 925 1513; x_wconf 91' lang='lat' dir='ltr'>in</span> <span class='ocrx_word' id='word_1_156' title='bbox 945 1472 1120 1513; x_wconf 84' lang='lat' dir='ltr'>Daedali</span> <span class='ocrx_word' id='word_1_157' title='bbox 1145 1472 1289 1513; x_wconf 80' lang='lat' dir='ltr'>volatu</span> <span class='ocrx_word' id='word_1_158' title='bbox 1311 1472 1419 1513; x_wconf 88' lang='lat' dir='ltr'>nihil</span> 
     </span>
     <span class='ocr_line' id='line_1_26' title="bbox 78 1530 950 1585; baseline 0.002 -15"><span class='ocrx_word' id='word_1_159' title='bbox 78 1530 130 1570; x_wconf 88' lang='lat' dir='ltr'>ad</span> <span class='ocrx_word' id='word_1_160' title='bbox 162 1545 369 1585; x_wconf 89' lang='lat' dir='ltr'>augurum</span> <span class='ocrx_word' id='word_1_161' title='bbox 403 1531 669 1585; x_wconf 77' lang='lat' dir='ltr'>disciplinam</span> <span class='ocrx_word' id='word_1_162' title='bbox 703 1533 950 1585; x_wconf 85' lang='lat' dir='ltr'>pertinente.</span> 
     </span>
    </p>

    <p class='ocr_par' dir='ltr' id='par_1_13' title="bbox 79 1588 1417 1703">
     <span class='ocr_line' id='line_1_27' title="bbox 167 1588 1417 1645; baseline 0.001 -16"><span class='ocrx_word' id='word_1_163' title='bbox 167 1588 247 1630; x_wconf 81' lang='lat' dir='ltr'>Sed</span> <span class='ocrx_word' id='word_1_164' title='bbox 273 1589 505 1645; x_wconf 82' lang='lat' dir='ltr'>Hyginus</span> <span class='ocrx_word' id='word_1_165' title='bbox 538 1591 663 1631; x_wconf 88' lang='lat' dir='ltr'>nimis</span> <span class='ocrx_word' id='word_1_166' title='bbox 690 1591 830 1631; x_wconf 82' lang='lat' dir='ltr'>hercle</span> <span class='ocrx_word' id='word_1_167' title='bbox 856 1591 1023 1644; x_wconf 90' lang='lat' dir='ltr'>ineptus</span> <span class='ocrx_word' id='word_1_168' title='bbox 1049 1591 1143 1642; x_wconf 86' lang='lat' dir='ltr'>fuit,</span> <span class='ocrx_word' id='word_1_169' title='bbox 1175 1604 1283 1642; x_wconf 77' lang='lat' dir='ltr'>eum,</span> <span class='ocrx_word' id='word_1_170' title='bbox 1315 1590 1417 1643; x_wconf 83' lang='lat' dir='ltr'>quid</span> 
     </span>
     <span class='ocr_line' id='line_1_28' title="bbox 79 1648 1417 1703; baseline 0.001 -15"><span class='ocrx_word' id='word_1_171' title='bbox 79 1648 326 1701; x_wconf 70' lang='lat' dir='ltr'>‘praepetes’</span> <span class='ocrx_word' id='word_1_172' title='bbox 379 1652 535 1701; x_wconf 88' lang='lat' dir='ltr'>essent,</span> <span class='ocrx_word' id='word_1_173' title='bbox 591 1664 633 1690; x_wconf 90' lang='lat' dir='ltr'>se</span> <span class='ocrx_word' id='word_1_174' title='bbox 684 1650 788 1690; x_wconf 80' lang='lat' dir='ltr'>scire</span> <span class='ocrx_word' id='word_1_175' title='bbox 836 1652 952 1690; x_wconf 90' lang='lat' dir='ltr'>ratus</span> <span class='ocrx_word' id='word_1_176' title='bbox 1003 1652 1082 1701; x_wconf 80' lang='lat' dir='ltr'>est,</span> <span class='ocrx_word' id='word_1_177' title='bbox 1134 1648 1417 1703; x_wconf 81' lang='lat' dir='ltr'>Vergilium</span> 
     </span>
    </p>
   </div>
   <div class='ocr_carea' id='block_1_13' title="bbox 25 1706 1418 1761">
    <p class='ocr_par' dir='ltr' id='par_1_14' title="bbox 25 1706 1418 1761">
     <span class='ocr_line' id='line_1_29' title="bbox 25 1706 1418 1761; baseline -0.001 -12"><span class='ocrx_word' id='word_1_178' title='bbox 25 1725 40 1749; x_wconf 73' lang='lat'><strong>2</strong></span> <span class='ocrx_word' id='word_1_179' title='bbox 78 1710 218 1747; x_wconf 88' lang='lat' dir='ltr'>autem</span> <span class='ocrx_word' id='word_1_180' title='bbox 251 1709 292 1747; x_wconf 89' lang='lat' dir='ltr'>et</span> <span class='ocrx_word' id='word_1_181' title='bbox 325 1706 401 1747; x_wconf 85' lang='lat' dir='ltr'>Cn.</span> <span class='ocrx_word' id='word_1_182' title='bbox 428 1707 656 1757; x_wconf 84' lang='lat' dir='ltr'>Matium,</span> <span class='ocrx_word' id='word_1_183' title='bbox 688 1708 859 1748; x_wconf 76' lang='lat' dir='ltr'>doctum</span> <span class='ocrx_word' id='word_1_184' title='bbox 892 1708 1046 1758; x_wconf 85' lang='lat' dir='ltr'>virum,</span> <span class='ocrx_word' id='word_1_185' title='bbox 1079 1708 1312 1761; x_wconf 88' lang='lat' dir='ltr'>ignorasse,</span> <span class='ocrx_word' id='word_1_186' title='bbox 1345 1708 1418 1761; x_wconf 89' lang='lat' dir='ltr'>qui</span> 
     </span>
    </p>
   </div>
   <div class='ocr_carea' id='block_1_14' title="bbox 78 1764 1415 1879">
    <p class='ocr_par' dir='ltr' id='par_1_15' title="bbox 78 1764 1415 1879">
     <span class='ocr_line' id='line_1_30' title="bbox 78 1764 1415 1819; baseline 0.001 -14"><span class='ocrx_word' id='word_1_187' title='bbox 78 1766 122 1805; x_wconf 89' lang='lat' dir='ltr'>in</span> <span class='ocrx_word' id='word_1_188' title='bbox 160 1765 376 1806; x_wconf 81' lang='lat' dir='ltr'>seeundo</span> <span class='ocrx_word' id='word_1_189' title='bbox 409 1764 586 1806; x_wconf 85' lang='lat' dir='ltr'>Iliadis</span> <span class='ocrx_word' id='word_1_190' title='bbox 619 1766 853 1807; x_wconf 70' lang='lat' dir='ltr'>Victoriam</span> <span class='ocrx_word' id='word_1_191' title='bbox 891 1767 1102 1807; x_wconf 78' lang='lat' dir='ltr'>volucrem</span> <span class='ocrx_word' id='word_1_192' title='bbox 1144 1767 1415 1819; x_wconf 81' lang='lat' dir='ltr'>‘praepetem’</span> 
     </span>
     <span class='ocr_line' id='line_1_31' title="bbox 78 1824 905 1879; baseline 0.001 -15"><span class='ocrx_word' id='word_1_193' title='bbox 78 1824 308 1877; x_wconf 84' lang='lat' dir='ltr'>appellavit</span> <span class='ocrx_word' id='word_1_194' title='bbox 340 1825 383 1864; x_wconf 90' lang='lat' dir='ltr'>in</span> <span class='ocrx_word' id='word_1_195' title='bbox 415 1824 495 1865; x_wconf 78' lang='lat' dir='ltr'>hoo</span> <span class='ocrx_word' id='word_1_196' title='bbox 526 1840 647 1866; x_wconf 85' lang='lat' dir='ltr'>versu</span> <span class='ocrx_word' id='word_1_197' title='bbox 682 1824 751 1879; x_wconf 74' lang='lat' dir='ltr'>(fr.</span> <span class='ocrx_word' id='word_1_198' title='bbox 772 1829 799 1865; x_wconf 77' lang='lat'><em>3</em></span> <span class='ocrx_word' id='word_1_199' title='bbox 818 1824 905 1879; x_wconf 57' lang='lat' dir='ltr'>B.]):</span> 
     </span>
    </p>
   </div>
   <div class='ocr_carea' id='block_1_15' title="bbox 138 1906 1419 1961">
    <p class='ocr_par' dir='ltr' id='par_1_16' title="bbox 138 1906 1419 1961">
     <span class='ocr_line' id='line_1_32' title="bbox 138 1906 1419 1961; baseline 0.002 -15"><span class='ocrx_word' id='word_1_200' title='bbox 138 1906 248 1946; x_wconf 89' lang='lat' dir='ltr'>dum</span> <span class='ocrx_word' id='word_1_201' title='bbox 288 1906 370 1947; x_wconf 89' lang='lat' dir='ltr'>dat</span> <span class='ocrx_word' id='word_1_202' title='bbox 407 1907 642 1947; x_wconf 74' lang='lat' dir='ltr'>vincendi</span> <span class='ocrx_word' id='word_1_203' title='bbox 680 1922 888 1961; x_wconf 88' lang='lat' dir='ltr'>praepes</span> <span class='ocrx_word' id='word_1_204' title='bbox 924 1906 1154 1947; x_wconf 76' lang='lat' dir='ltr'>Victoria</span> <span class='ocrx_word' id='word_1_205' title='bbox 1192 1908 1419 1960; x_wconf 87' lang='lat' dir='ltr'>palmam.</span> 
     </span>
    </p>
   </div>
   <div class='ocr_carea' id='block_1_16' title="bbox 79 2045 1416 2135">
    <p class='ocr_par' dir='ltr' id='par_1_17' title="bbox 79 2045 1416 2135">
     <span class='ocr_line' id='line_1_33' title="bbox 174 2045 1416 2090; baseline 0.002 -12"><span class='ocrx_word' id='word_1_206' title='bbox 174 2048 216 2079; x_wconf 84' lang='lat'>18</span> <span class='ocrx_word' id='word_1_207' title='bbox 232 2057 308 2088; x_wconf 85' lang='lat' dir='ltr'>sqq.</span> <span class='ocrx_word' id='word_1_208' title='bbox 338 2046 433 2079; x_wconf 81' lang='lat' dir='ltr'>Serv.</span> <span class='ocrx_word' id='word_1_209' title='bbox 455 2045 531 2090; x_wconf 84' lang='lat' dir='ltr'>(pl.)</span> <span class='ocrx_word' id='word_1_210' title='bbox 552 2046 592 2079; x_wconf 82' lang='lat' dir='ltr'>A.</span> <span class='ocrx_word' id='word_1_211' title='bbox 615 2045 664 2079; x_wconf 77' lang='lat' dir='ltr'>VI</span> <span class='ocrx_word' id='word_1_212' title='bbox 686 2050 727 2079; x_wconf 76' lang='lat'>15</span> <span class='ocrx_word' id='word_1_213' title='bbox 754 2045 803 2079; x_wconf 86' lang='grc' dir='ltr'>ΙΙΙ</span> <span class='ocrx_word' id='word_1_214' title='bbox 824 2049 907 2087; x_wconf 68' lang='lat'>2463</span> <span class='ocrx_word' id='word_1_215' title='bbox 930 2050 995 2079; x_wconf 83' lang='lat'>361</span> <span class='ocrx_word' id='word_1_216' title='bbox 1018 2046 1067 2080; x_wconf 86' lang='lat' dir='ltr'>[V</span> <span class='ocrx_word' id='word_1_217' title='bbox 1084 2049 1150 2079; x_wconf 75' lang='lat'>46⁴2</span> <span class='ocrx_word' id='word_1_218' title='bbox 1172 2046 1265 2080; x_wconf 27' lang='lat' dir='ltr'>Festi</span> <span class='ocrx_word' id='word_1_219' title='bbox 1286 2058 1320 2090; x_wconf 88' lang='lat' dir='ltr'>p.</span> <span class='ocrx_word' id='word_1_220' title='bbox 1337 2049 1416 2088; x_wconf 78' lang='lat'>205,</span> 
     </span>
     <span class='ocr_line' id='line_1_34' title="bbox 79 2092 1416 2135; baseline 0.001 -10"><span class='ocrx_word' id='word_1_221' title='bbox 79 2095 139 2134; x_wconf 69' lang='lat'>263</span> <span class='ocrx_word' id='word_1_222' title='bbox 167 2096 245 2134; x_wconf 76' lang='lat'>245,</span> <span class='ocrx_word' id='word_1_223' title='bbox 274 2096 315 2126; x_wconf 75' lang='lat'>22</span> <span class='ocrx_word' id='word_1_224' title='bbox 350 2093 442 2126; x_wconf 85' lang='lat' dir='ltr'>Acro</span> <span class='ocrx_word' id='word_1_225' title='bbox 464 2093 548 2126; x_wconf 87' lang='lat' dir='ltr'>Hor.</span> <span class='ocrx_word' id='word_1_226' title='bbox 571 2103 598 2126; x_wconf 79' lang='lat' dir='ltr'>e.</span> <span class='ocrx_word' id='word_1_227' title='bbox 620 2093 669 2126; x_wconf 77' lang='lat' dir='ltr'>HI</span> <span class='ocrx_word' id='word_1_228' title='bbox 690 2097 744 2135; x_wconf 66' lang='lat'>²27,</span> <span class='ocrx_word' id='word_1_229' title='bbox 768 2097 807 2126; x_wconf 90' lang='lat'>11</span> <span class='ocrx_word' id='word_1_230' title='bbox 836 2093 920 2126; x_wconf 80' lang='lat' dir='ltr'>Isid.</span> <span class='ocrx_word' id='word_1_231' title='bbox 942 2093 1008 2126; x_wconf 82' lang='lat' dir='ltr'>XII</span> <span class='ocrx_word' id='word_1_232' title='bbox 1030 2097 1059 2135; x_wconf 83' lang='lat'>7,</span> <span class='ocrx_word' id='word_1_233' title='bbox 1083 2097 1123 2126; x_wconf 73' lang='lat'>77</span> <span class='ocrx_word' id='word_1_234' title='bbox 1153 2092 1240 2127; x_wconf 79' lang='lat' dir='ltr'>CGL</span> <span class='ocrx_word' id='word_1_235' title='bbox 1261 2093 1328 2127; x_wconf 84' lang='lat' dir='ltr'>VH</span> <span class='ocrx_word' id='word_1_236' title='bbox 1351 2097 1416 2127; x_wconf 78' lang='lat'>120</span> 
     </span>
    </p>
   </div>
   <div class='ocr_carea' id='block_1_17' title="bbox 79 2221 1418 2351">
    <p class='ocr_par' dir='ltr' id='par_1_18' title="bbox 79 2221 1418 2351">
     <span class='ocr_line' id='line_1_35' title="bbox 174 2221 1418 2267; baseline 0 -12"><span class='ocrx_word' id='word_1_237' title='bbox 174 2225 214 2255; x_wconf 83' lang='lat'>11</span> <span class='ocrx_word' id='word_1_238' title='bbox 249 2223 360 2266; x_wconf 88' lang='lat' dir='ltr'>atque</span> <span class='ocrx_word' id='word_1_239' title='bbox 392 2221 445 2255; x_wconf 87' lang='lat' dir='ltr'>ibi</span> <span class='ocrx_word' id='word_1_240' title='bbox 476 2222 607 2265; x_wconf 88' lang='lat' dir='ltr'>inquid</span> <span class='ocrx_word' id='word_1_241' title='bbox 633 2222 693 2267; x_wconf 88' lang='lat' dir='ltr'>(-it</span> <span class='ocrx_word' id='word_1_242' title='bbox 718 2224 759 2266; x_wconf 81' lang='lat' dir='ltr'>V)</span> <span class='ocrx_word' id='word_1_243' title='bbox 786 2236 813 2255; x_wconf 89' lang='grc' dir='ltr'><em>ω</em></span> <span class='ocrx_word' id='word_1_244' title='bbox 843 2233 930 2256; x_wconf 80' lang='lat' dir='ltr'>corr.</span> <span class='ocrx_word' id='word_1_245' title='bbox 954 2233 974 2260; x_wconf 84' lang='grc' dir='ltr'><strong><em>ς</em></strong></span> <span class='ocrx_word' id='word_1_246' title='bbox 999 2224 1010 2266; x_wconf 85' lang='grc' dir='ltr'>Η</span> <span class='ocrx_word' id='word_1_247' title='bbox 1037 2226 1078 2255; x_wconf 75' lang='lat'>22</span> <span class='ocrx_word' id='word_1_248' title='bbox 1105 2223 1333 2266; x_wconf 84' lang='lat' dir='ltr'>pertinentes</span> <span class='ocrx_word' id='word_1_249' title='bbox 1359 2226 1388 2255; x_wconf 86' lang='lat' dir='ltr'><strong>V</strong></span> <span class='ocrx_word' id='word_1_250' title='bbox 1408 2223 1418 2267; x_wconf 49' lang='lat'>‘3&#39;</span> 
     </span>
     <span class='ocr_line' id='line_1_36' title="bbox 80 2267 1418 2315; baseline 0.001 -14"><span class='ocrx_word' id='word_1_251' title='bbox 80 2272 123 2302; x_wconf 79' lang='lat'>24</span> <span class='ocrx_word' id='word_1_252' title='bbox 144 2272 190 2302; x_wconf 51' lang='lat' dir='ltr'>ff</span> <span class='ocrx_word' id='word_1_253' title='bbox 209 2272 237 2301; x_wconf 87' lang='lat' dir='ltr'>V</span> <span class='ocrx_word' id='word_1_254' title='bbox 257 2271 353 2303; x_wconf 87' lang='lat' dir='ltr'>esset</span> <span class='ocrx_word' id='word_1_255' title='bbox 374 2280 392 2305; x_wconf 86' lang='grc' dir='ltr'>ς</span> <span class='ocrx_word' id='word_1_256' title='bbox 413 2270 424 2313; x_wconf 85' lang='grc' dir='ltr'>ΙΙ</span> <span class='ocrx_word' id='word_1_257' title='bbox 445 2272 486 2302; x_wconf 77' lang='grc'>25</span> <span class='ocrx_word' id='word_1_258' title='bbox 508 2267 569 2302; x_wconf 86' lang='lat' dir='ltr'>Cn.</span> <span class='ocrx_word' id='word_1_259' title='bbox 591 2268 766 2303; x_wconf 87' lang='lat' dir='ltr'>Mattium</span> <span class='ocrx_word' id='word_1_260' title='bbox 786 2270 945 2315; x_wconf 71' lang='lat' dir='ltr'>Scaliyer</span> <span class='ocrx_word' id='word_1_261' title='bbox 964 2270 1175 2304; x_wconf 82' lang='lat' dir='ltr'>trimacium</span> <span class='ocrx_word' id='word_1_262' title='bbox 1193 2273 1222 2302; x_wconf 88' lang='lat' dir='ltr'><strong>V</strong></span> <span class='ocrx_word' id='word_1_263' title='bbox 1242 2271 1252 2313; x_wconf 85' lang='grc' dir='ltr'>Η</span> <span class='ocrx_word' id='word_1_264' title='bbox 1273 2273 1315 2303; x_wconf 81' lang='grc'>26</span> <span class='ocrx_word' id='word_1_265' title='bbox 1337 2280 1418 2313; x_wconf 88' lang='lat' dir='ltr'>sep-</span> 
     </span>
     <span class='ocr_line' id='line_1_37' title="bbox 79 2315 687 2351; baseline 0.003 -2"><span class='ocrx_word' id='word_1_266' title='bbox 79 2315 169 2349; x_wconf 86' lang='lat' dir='ltr'>timo</span> <span class='ocrx_word' id='word_1_267' title='bbox 193 2316 319 2350; x_wconf 72' lang='lat' dir='ltr'>Carrio</span> <span class='ocrx_word' id='word_1_268' title='bbox 345 2317 420 2350; x_wconf 78' lang='lat' dir='ltr'>coll.</span> <span class='ocrx_word' id='word_1_269' title='bbox 442 2316 468 2349; x_wconf 91' lang='lat' dir='ltr'><strong><em>I</em></strong></span> <span class='ocrx_word' id='word_1_270' title='bbox 472 2317 492 2350; x_wconf 84' lang='lat' dir='ltr'>l.</span> <span class='ocrx_word' id='word_1_271' title='bbox 524 2317 601 2350; x_wconf 88' lang='lat' dir='ltr'>VII</span> <span class='ocrx_word' id='word_1_272' title='bbox 616 2318 687 2351; x_wconf 73' lang='lat'>291</span> 
     </span>
    </p>
   </div>
   <div class='ocr_carea' id='block_1_18' title="bbox 150 2378 1205 2408">
    <p class='ocr_par' dir='ltr' id='par_1_19' title="bbox 150 2378 1205 2408">
     <span class='ocr_line' id='line_1_38' title="bbox 150 2378 1205 2408; baseline 0.003 -3"><span class='ocrx_word' id='word_1_273' title='bbox 150 2380 288 2406; x_wconf 71' lang='lat' dir='ltr'>Gnnmvs</span> <span class='ocrx_word' id='word_1_274' title='bbox 309 2381 351 2406; x_wconf 86' lang='lat' dir='ltr'>ed.</span> <span class='ocrx_word' id='word_1_275' title='bbox 375 2382 404 2405; x_wconf 89' lang='lat' dir='ltr'>H</span> <span class='ocrx_word' id='word_1_276' title='bbox 413 2390 428 2406; x_wconf 90' lang='lat' dir='ltr'>O</span> <span class='ocrx_word' id='word_1_277' title='bbox 438 2389 449 2406; x_wconf 77' lang='lat' dir='ltr'>s</span> <span class='ocrx_word' id='word_1_278' title='bbox 458 2381 467 2406; x_wconf 84' lang='lat' dir='ltr'>i</span> <span class='ocrx_word' id='word_1_279' title='bbox 477 2389 495 2406; x_wconf 91' lang='lat' dir='ltr'>u</span> <span class='ocrx_word' id='word_1_280' title='bbox 506 2389 518 2406; x_wconf 82' lang='lat' dir='ltr'>s</span> <span class='ocrx_word' id='word_1_281' title='bbox 1163 2380 1179 2408; x_wconf 86' lang='lat'>1</span> <span class='ocrx_word' id='word_1_282' title='bbox 1187 2378 1205 2408; x_wconf 82' lang='grc'>9</span> 
     </span>
    </p>
   </div>
   <div class='ocr_carea' id='block_1_19' title="bbox 1460 1192 1478 1219">
    <p class='ocr_par' dir='ltr' id='par_1_20' title="bbox 1460 1192 1478 1219">
     <span class='ocr_line' id='line_1_39' title="bbox 1460 1192 1478 1219; textangle 90"><span class='ocrx_word' id='word_1_283' title='bbox 1460 1192 1478 1219; x_wconf 76' lang='grc' dir='ltr'>Ν-</span> 
     </span>
    </p>
   </div>
  </div>
 </body>
</html>
