1591 2474
154 73 209 113 58
518 74 521 77 ’
759 71 884 112 17ςὸ

156 196 253 221 non
284 183 476 221 terrore
509 179 650 230 belli,
682 178 765 219 sed
797 178 1000 218 consilii
1033 178 1296 218 eeleritate
1326 177 1484 230 expli—

157 240 300 280 cavit.
333 237 419 279 ‘At
457 239 492 278 si
531 237 763 290 ‘explicuit'
802 237 974 288 diceret,
1012 236 1242 289 inperfecto
1282 239 1322 276 et
1357 235 1485 276 debili

156 313 330 339 numero
363 297 586 338 verborum
619 310 745 336 sonus
777 295 998 336 clauderet.

155 477 319 511 Historia
345 477 382 510 in
408 476 512 509 libris
533 475 691 510 Sotionis
717 474 927 518 philosophi
950 477 1094 518 reperta
1114 485 1222 518 super
1241 474 1353 508 Laide
1373 483 1486 506 mere·
1523 482 1538 506 5

517 522 608 557 trice
635 524 672 556 et
697 521 942 556 Demosthene
967 522 1122 555 rhetore.

123 604 138 633 1
245 590 424 631 Sotion
462 605 511 630 ex
548 589 822 642 peripatetica
855 588 1074 641 disciplina
1106 588 1208 628 haut
1240 602 1337 628 sane
1369 587 1486 641 igno-²

157 651 252 690 bilis
295 650 360 689 vir
401 649 493 689 fuit.
561 647 600 688 Is
640 647 795 688 librum
834 648 989 687 multae
1027 647 1248 699 variaeque
1286 645 1484 686 historiae

156 709 354 749 refertum
394 708 631 760 composuit
669 720 846 758 eumque
885 706 1096 758 inscripsit
1133 705 1282 758 κέρας
1313 703 1486 758 Ἀμαλ-

121 769 313 815 Ξθείας.
381 766 443 806 Ea
480 780 562 805 vox
600 766 681 805 hoe
719 765 848 806 ferme
887 765 1015 816 valet,
1052 767 1266 816 tamquam
1306 763 1340 803 si
1374 763 1486 803 dicas
1508 779 1540 802 ιο

157 826 346 866 ‘cornum
381 823 561 877 Copiae’.

122 896 141 924 3
244 883 293 924 In
331 898 378 923 eo
417 884 525 923 libro
565 897 689 936 super
719 881 1054 922 Demosthene
1090 881 1255 921 rhetore
1287 883 1328 920 et
1360 879 1487 919 Laide

156 943 372 983 meretrice
410 942 585 982 historia
623 940 725 981 haee
764 941 917 993 scripta
949 943 1028 980 est:
1067 938 1194 979 ‘Lais'
1227 939 1363 991 inquit
1396 936 1487 978 ‘Co-

155 1002 311 1042 rinthia
350 1001 403 1041 ob
436 1000 687 1054 elegantiam
720 1001 1065 1050 venustatemque
1096 998 1255 1038 formae
1288 997 1488 1051 grandem

155 1061 376 1113 pecuniam
421 1059 676 1110 demerebat,
720 1060 1032 1109 conventusque
1070 1056 1122 1096 ad
1160 1071 1250 1096 eam
1289 1056 1487 1096 ditiorum
1508 1071 1540 1096 15

155 1119 375 1159 hominum
414 1133 464 1157 ex
503 1118 617 1157 omni
650 1116 820 1157 Graecia
859 1116 1041 1156 celebres
1080 1117 1215 1167 erant,
1252 1128 1386 1167 neque
1418 1113 1486 1153 ad-

156 1178 419 1229 mittebatur,
454 1177 535 1216 nisi
567 1176 639 1228 qui
672 1175 808 1227 dabat,
840 1174 952 1227 quod
984 1176 1250 1227 poposoei·at;
1288 1172 1487 1226 poscebat

122 1239 295 1277 4autem
340 1236 412 1276 illa
456 1235 633 1275 nimium
672 1232 903 1286 quantum.’
970 1232 1081 1273 Hine
1119 1233 1177 1272 ait
1214 1234 1359 1272 natum
1398 1245 1486 1271 esse

156 1294 262 1335 illud
292 1295 488 1346 frequens
520 1293 631 1346 apud
665 1291 842 1333 Graecos
874 1292 1087 1345 adagium:

216 1353 273 1394 οὐ
304 1353 493 1400 παντὸς
525 1351 714 1405 ἀνδρὸς
747 1350 794 1398 ἐς
819 1352 1089 1403 Κόρινθον
1121 1347 1226 1390 ἔσθ’
1257 1348 1278 1389 ὁ
1310 1350 1486 1400 πλοῦς,
1506 1364 1539 1388 20

157 1412 270 1464 quod
294 1412 449 1451 frustra
475 1412 553 1451 iret
580 1409 828 1450 Corinthum
855 1409 907 1448 ad
932 1408 1116 1460 Laidem,
1142 1408 1214 1460 qui
1239 1421 1325 1447 non
1350 1407 1487 1459 quiret

122 1471 271 1522 bdare,
310 1469 421 1522 quod
456 1471 707 1521 posceretur.
771 1466 852 1507 ‘Ad
884 1467 991 1507 hane
1022 1468 1092 1507 ille
1123 1465 1486 1506 Demosthenes

157 1530 393 1569 clanculum
426 1528 512 1568 adit
550 1530 608 1579 et,
652 1530 698 1567 ut
736 1526 815 1566 sibi
853 1526 1016 1578 copiam
1055 1526 1119 1565 sui
1155 1525 1329 1575 faceret,
1369 1524 1485 1576 petit.

157 1586 215 1627 At
252 1587 348 1627 Lais
385 1588 541 1640 μυρίας
580 1586 771 1639 δραχμὰς
808 1584 1028 1637 poposoit’,
1071 1584 1152 1624 hoo
1188 1583 1288 1623 facit
1325 1582 1487 1622 nummi

122 1646 355 1686 &nostratis
389 1645 603 1685 denarium
637 1644 777 1684 decem
811 1644 936 1683 milia.
997 1642 1103 1682 ‘Tali
1135 1641 1367 1695 petulantia
1399 1655 1486 1680 mu·
1507 1655 1538 1680 25

156 1705 269 1745 lieris
307 1707 432 1756 atque
471 1703 671 1756 pecuniae
710 1701 997 1755 magnitudine
1036 1702 1143 1741 ictus
1175 1699 1485 1753 expavidusque

156 1763 520 1804 Demosthenes
546 1762 749 1802 avertitur
774 1764 815 1801 et
841 1759 1055 1800 discedens
1083 1759 1191 1813 ‘ego'
1219 1758 1356 1810 inquit
1377 1757 1486 1810 epae-

157 1822 289 1862 nitere
321 1822 428 1862 tanti
460 1835 545 1861 non
576 1819 712 1860 emo'.'
776 1818 857 1859 Sed
890 1817 1046 1859 Graeca
1078 1819 1186 1870 ipsa,
1218 1831 1323 1869 quae
1354 1816 1488 1856 fertur

158 1881 329 1932 dixisse,
366 1880 569 1932 lepidiora
607 1881 720 1918 sunt:
760 1878 854 1918 ςοὐκ
892 1876 1101 1930 ὠνοῦμαι’
1133 1875 1271 1928 inquit
1303 1875 1486 1929 (μυρίων

158 1939 363 1992 δραχμῶν
394 1937 699 1991 μεταμε’λειαν’.
1506 1949 1539 1973 30

254 2057 294 2086 12
311 2064 387 2096 sqq.
415 2053 525 2085 Macr.
547 2052 579 2084 II
601 2056 631 2094 2,
655 2056 694 2085 11
722 2051 852 2084 Athen.
874 2050 957 2083 XIII
978 2053 1020 2082 54
1040 2062 1074 2093 p.
1097 2052 1178 2082 588ρ
1204 2048 1313 2082 Anth.
1333 2047 1396 2081 lat.
1419 2051 1484 2081 892

159 2099 269 2133 schol.
286 2099 393 2132 Arist.
410 2099 503 2132 Plut.
523 2103 586 2131 149
601 2111 635 2142 p.
651 2102 717 2131 548
732 2098 774 2131 D.
884 2100 927 2130 20
954 2096 1085 2130 Zenob.
1099 2095 1132 2129 V
1146 2099 1187 2129 37
1203 2096 1329 2139 Apost.
1345 2094 1428 2127 XIII
1442 2097 1485 2127 60

158 2146 232 2180 ibd.
254 2145 597 2180 Leutsoh-Sehneid.
625 2145 808 2189 <Ps.-Acro
835 2144 918 2177 Hor.
940 2154 994 2187 ep.
1016 2143 1032 2175 I
1054 2146 1106 2184 17,
1129 2144 1185 2185 36)

253 2256 272 2284 2
311 2251 508 2295 explicavit
538 2250 721 2293 PRV1115
753 2248 947 2282 Phocionis
978 2252 1003 2280 P
1022 2249 1032 2291 11
1055 2252 1094 2281 11
1132 2258 1243 2281 cornu
1273 2250 1302 2279 V
1320 2247 1331 2289 ΙΙ
1352 2249 1394 2279 26
1426 2256 1484 2280 ex-

158 2299 377 2343 pavitusque
394 2298 553 2332 Colerins
565 2299 574 2341 Ν
590 2300 633 2329 28
651 2308 730 2330 emo
745 2296 814 2329 huc
829 2306 943 2338 usque
957 2299 982 2328 P
995 2295 1050 2329 sed.
1066 2295 1178 2329 Hertz
1190 2305 1245 2337 op.
1265 2294 1351 2328 Gell.
1361 2304 1399 2337 p.
1413 2295 1486 2327 219
