1611 2474
130 58 215 99 310
720 58 768 91 IX
797 62 832 100 13
860 62 878 92 2

95 177 114 206 3
130 166 172 206 in
202 166 347 206 infima
373 180 498 218 quam
525 180 575 206 ex
601 165 757 206 infimis
783 166 827 206 in
853 180 1042 219 superna.
1099 165 1206 207 Tum
1232 165 1460 207 Iulianus

129 224 405 278 comprobato
444 238 595 278 genere
633 225 907 277 quaestionis:
946 224 1075 277 ‘quod
1113 225 1162 265 de
1200 225 1367 279 sagitta’
1402 225 1461 265 in-

130 283 222 335 quit
266 283 322 323 cet
364 282 503 335 lapide
545 282 666 335 dixit,
708 282 789 322 hoc
828 283 876 323 de
916 283 1029 322 omni
1067 283 1152 323 fere
1190 283 1339 324 missili
1376 284 1460 324 telo

93 341 210 381 4dici
247 342 397 394 potest.
459 339 642 380 Facilior
678 343 818 381 autem
856 341 990 381 iactus
1029 344 1108 393 est,
1146 342 1270 382 sicuti
1308 341 1462 394 dixisti,

129 399 163 439 si
208 399 385 452 desuper
427 399 571 451 iacias,
615 399 649 439 si
694 399 792 452 quid
836 400 969 440 iacere
1011 402 1175 439 tantum
1212 400 1334 452 velis,
1376 414 1463 440 non

94 457 261 497 5ferire.
319 455 399 497 Sed
432 472 523 497 cum
557 457 705 497 modus
732 460 773 498 et
798 457 979 511 impetus
1006 458 1139 498 iactus
1165 458 1460 511 temperandus

128 515 462 569 derigendusque
494 518 573 568 est,
608 518 716 569 tum,
749 517 783 556 si
814 516 858 556 in
890 530 1022 569 prona
1053 516 1197 569 iacias,
1229 516 1460 556 moderatio

127 575 254 626 atque
290 574 397 614 ratio
436 573 642 614 mittentis
681 575 1001 627 praecipitantia
1040 575 1336 627 qualicumque
1370 575 1461 627 ipsa

92 642 112 672 6
128 634 168 672 et
200 632 383 685 pondere
413 632 597 672 cadentis
623 633 697 673 teli
723 633 1015 685 corrumpitur.
1072 632 1130 673 At
1156 633 1190 673 si
1216 633 1260 673 in
1286 633 1461 673 editiora

127 690 270 730 mittas
309 692 350 730 et
382 690 434 730 ad
465 691 783 743 percutiendum
817 705 995 744 superne
1026 691 1186 744 aliquid
1217 705 1387 731 manum
1420 694 1461 731 et

128 749 272 789 oculos
299 749 515 801 conlinieS,
541 763 625 802 quo
652 752 792 790 motus
818 764 842 789 a
867 752 908 790 te
935 750 1055 790 datus
1078 750 1233 802 tulerit,
1260 763 1308 790 eo
1329 750 1459 790 telum

92 816 111 846 7
127 806 215 859 ibit⁷
243 807 355 860 quod
375 807 546 848 ieceris.’
598 806 665 847 Ad
684 807 792 848 hanc
811 808 941 848 ferme
962 808 1211 848 sententiam
1232 806 1459 848 Iulianus

128 879 253 918 super
285 865 375 905 istis
404 864 602 906 Claudii
633 866 771 906 verbis
803 866 1023 906 nobiscum
1057 866 1359 907 sermocinatus
1387 868 1459 906 est.

91 933 111 963 8
216 922 337 972 Quod
380 924 439 964 ait
481 924 592 964 idem
632 924 677 973 Q.
718 923 973 965 Claudius:
1018 940 1041 964 a
1084 925 1253 978 pinnis
1297 924 1459 964 hostis

127 981 463 1023 defendebant
494 983 758 1035 facillime,
795 983 1210 1023 animadvertendum
1243 985 1305 1023 est
1336 997 1459 1022 usum

126 1054 215 1081 esse
259 1055 354 1080 eum
398 1041 524 1082 verbo
571 1041 906 1082 defendebant
948 1056 1035 1082 non
1075 1056 1125 1082 ex
1162 1042 1325 1095 vulgari
1364 1055 1459 1081 con-

91 1099 363 1151 9suetudine⁷
412 1100 483 1140 sed
533 1100 758 1140 admodum
809 1101 977 1153 proprie
1027 1103 1068 1141 et
1116 1100 1275 1140 Latine.
1348 1098 1459 1140 Nam

125 1156 376 1198 ‘defendere’
434 1161 475 1199 et
531 1158 768 1199 ‘offendere’
827 1159 935 1199 inter
990 1173 1079 1199 sese
1129 1159 1300 1199 adversa
1350 1159 1459 1210 sunt,

125 1230 305 1268 quorum
343 1217 521 1257 alterum
560 1217 770 1272 significat
809 1215 1008 1270 ἐμποδὼν
1046 1219 1177 1271 ἔχειν,
1221 1217 1262 1257 id
1300 1219 1362 1257 est
1399 1217 1458 1256 in-

125 1288 289 1315 currere
321 1275 364 1315 in
395 1275 554 1328 aliquid
587 1278 628 1316 et
656 1275 848 1328 incidere,
880 1276 1058 1316 alterum
1085 1275 1280 1316 ἐκποὸὼν
1306 1282 1457 1327 ποιεῖν,

124 1332 166 1372 id
216 1335 279 1373 est
324 1336 510 1374 avertere
553 1337 678 1386 atque
722 1334 947 1387 depellere,
997 1334 1110 1387 quod
1153 1334 1234 1374 hoc
1277 1334 1321 1373 in
1363 1333 1456 1374 loco

125 1389 333 1432 Claudio
366 1392 527 1432 dicitur.

769 1507 811 1549 II

123 1586 299 1628 Qualibus
329 1588 447 1621 verbis
474 1588 612 1622 notarit
637 1588 799 1622 Herodes
826 1588 971 1622 Atticus
997 1588 1090 1622 falso
1117 1588 1329 1631 quempiam
1355 1588 1456 1621 cultu

169 1634 379 1677 amictuque
406 1646 537 1668 nomen
562 1635 805 1677 habitumque
831 1635 1043 1679 philosophi
1070 1635 1339 1668 ementientem.

89 1728 104 1756 1
210 1716 277 1758 Ad
320 1717 566 1759 Herodem
610 1717 852 1771 Atticum,
903 1720 1165 1759 consularem
1216 1719 1352 1758 virum
1395 1719 1455 1758 in-

121 1776 330 1830 genioque
368 1791 544 1817 amoeno
583 1779 624 1818 et
663 1775 817 1817 Graeca
855 1777 1050 1818 facundia
1088 1777 1312 1828 celebrem,
1353 1776 1456 1816 adiit

120 1834 242 1874 nobis
281 1835 571 1888 praesentibus
610 1836 807 1888 palliatus
844 1836 1053 1889 quispiam
1086 1837 1126 1875 et
1158 1835 1332 1875 crinitus
1365 1834 1454 1874 bar-

216 1976 257 2006 18
284 1972 376 2006 Non.
398 1973 447 2006 IV
462 1985 499 2026 hp.
522 1976 599 2015 277,
622 1977 683 2016 243
710 1976 788 2016 358,
810 1977 852 2006 26
1012 1976 1055 2006 ‘28
1083 1973 1198 2006 Amm.
1221 1971 1336 2005 XXXI
1359 1975 1411 2013 16,
1434 1975 1452 2004 6

215 2093 234 2122 6
260 2090 379 2122 motus
406 2090 570 2123 Eussner
594 2091 605 2133 Η
632 2093 649 2122 7
680 2089 892 2133 dirigendus
921 2103 946 2122 ω
967 2093 1111 2132 praeter
1136 2092 1166 2121 N
1190 2090 1201 2132 Η
1227 2091 1246 2121 8
1272 2088 1454 2121 mittentis

121 2146 192 2177 que
212 2136 297 2178 (que
316 2146 381 2169 om.
396 2138 495 2179 ΝΠ)
515 2136 698 2179 praecipit
719 2136 821 2169 antia
840 2135 1036 2178 lucumque
1050 2136 1259 2179 (lucumque
1273 2145 1338 2168 om.
1355 2137 1385 2167 N
1394 2136 1452 2177 H)

120 2182 171 2215 sic
194 2182 267 2224 fere
294 2195 319 2214 ω
346 2193 433 2216 corr.
455 2183 633 2217 Deiatzko
653 2185 663 2226 ΙΙ
685 2187 725 2215 11
753 2182 882 2215 modus
910 2195 935 2215 ω
961 2193 1049 2216 corr.
1072 2193 1091 2215 6
1109 2183 1119 2224 ΙΙ
1142 2185 1182 2214 13
1210 2192 1243 2224 q.
1265 2182 1372 2224 (quae
1394 2182 1453 2223 Π)

123 2227 288 2272 013,11(11(1)
314 2230 398 2262 ΝΠ
419 2230 429 2272 ΙΙ
455 2232 497 2262 22
531 2239 552 2262 a
584 2242 616 2273 q.
648 2232 694 2273 (q.
721 2230 764 2272 N)
792 2228 937 2262 claudio
963 2230 1043 2262 NH
1068 2230 1078 2272 Η
1105 2232 1148 2261 24
1180 2227 1318 2268 Quibus
1344 2227 1454 2272 ΝΠΗ

120 2278 163 2307 25
189 2275 474 2319 philosoplii(a)e
500 2277 739 2310 mentientem
768 2289 794 2308 ω
820 2286 907 2310 corr.
932 2276 993 2310 Gr.

1499 416 1514 441 5

1482 708 1514 732 10

1481 998 1511 1023 15

1478 1291 1511 1315 20
