1591 2474
129 74 212 115 140
744 75 777 109 Π
803 79 845 109 29

93 183 319 224 Gvolucres
365 185 492 224 erant.
562 182 676 223 Dum
721 183 853 237 igitur
894 184 986 237 ipsa
1030 184 1108 225 iret
1152 184 1292 225 cibum
1336 183 1464 238 pullis

129 242 384 295 quaesitum,
419 244 563 282 monet
595 256 678 293 eos,
709 245 768 295 ut,
801 243 835 282 si
868 243 969 296 quid
1000 243 1060 283 ibi
1090 243 1150 283 rei
1181 257 1316 283 novae
1346 243 1466 284 fieret

129 301 399 354 dicereturve,
425 300 806 341 animadverterem
832 301 958 354 idque
983 302 1048 342 uti
1068 302 1160 353 sibi,
1185 301 1258 342 ubi
1279 302 1466 354 redisset,

95 360 382 400 7nuntiarent.
450 359 658 399 Dominus
703 362 850 413 postea
894 363 1083 414 segetum
1125 361 1292 401 illarum
1330 360 1466 401 filium

128 419 438 459 adulescentem
475 421 599 459 vocat
631 421 672 458 et
705 418 904 459 ‘videsne'
938 419 1078 472 inquit
1111 419 1228 460 ‘haec
1260 422 1467 460 ematuru-
1504 437 1521 462 5

129 478 210 518 isse
243 480 284 518 et
315 491 463 517 manus
497 478 579 517 iam
612 477 855 530 postulare?
894 478 1048 518 idcirco
1082 479 1147 519 die
1180 478 1364 531 crastini,
1393 478 1467 519 ubi

129 536 313 589 primum
352 536 619 588 diluculabit,
656 536 722 576 fac
757 536 915 577 amicos
947 551 1015 577 eas
1048 540 1088 577 et
1120 551 1261 591 roges,
1297 537 1469 577 veniant

130 608 384 648 operamque
427 597 619 635 mutuam
663 595 763 636 dent
807 597 848 635 et
887 596 1057 636 messim
1095 595 1204 637 hanc
1239 596 1363 636 nobis
1400 596 1470 635 ad·-

95 653 301 694 siuvent’.
364 653 480 694 Haec
514 654 588 693 ubi
620 654 691 694 ille
724 653 849 706 dixit,
887 657 928 695 et
959 654 1160 695 discessit.
1222 653 1364 708 Atque
1395 654 1468 695 ubi

130 712 238 753 redit
267 712 431 765 cassita,
462 712 570 766 pulli
595 712 867 765 tremibundi,
898 713 1097 766 trepiduli
1123 714 1468 766 circumstrepere
1489 731 1523 756 10

131 786 333 824 orareque
365 773 556 824 matrem,
586 774 634 812 ut
665 771 749 811 iam
782 772 925 812 statim
957 775 1155 825 properet
1186 772 1313 825 inque
1339 771 1468 812 alium

130 832 271 871 locum
313 844 401 870 sese
439 832 643 883 asportet:
689 831 801 870 ‘nam
841 831 1050 871 dominus’
1091 831 1288 884 inquiunt
1328 831 1470 879 ‘misit,

132 889 203 942 qui
235 889 393 930 amicos
425 892 563 943 roget,
595 890 657 929 uti
688 890 781 929 luce
815 890 974 930 oriente
1006 890 1177 930 veniant
1209 893 1250 930 et
1281 890 1468 930 metant'.

97 948 266 988 9Mater
297 948 414 988 iubet
446 962 517 988 eos
550 948 686 988 otioso
719 948 861 988 animo
895 963 1000 989 esse:
1035 948 1084 988 ‘si
1117 949 1228 988 enim
1259 949 1467 988 dominus'

132 1007 271 1060 inquit
316 1006 502 1047 ‘messim
540 1007 591 1046 ad
629 1006 786 1047 amicos
824 1007 962 1059 reicit,
1007 1008 1190 1047 crastino
1230 1021 1347 1062 seges
1385 1022 1471 1047 non
1492 1025 1525 1050 15

132 1068 314 1106 metetur
349 1080 485 1118 neque
523 1079 741 1106 necessum
781 1068 860 1118 est,
898 1065 1022 1106 hodie
1055 1066 1118 1106 uti
1149 1080 1223 1106 vos
1256 1066 1468 1106 auferam.'

75 1136 116 1165 10
131 1124 228 1177 Die,
265 1125 422 1177 inquit,
459 1127 629 1177 postero
664 1127 799 1165 mater
829 1125 873 1165 111
905 1125 1108 1178 pabulum
1140 1125 1266 1166 volat.
1327 1124 1470 1165 Domi-

131 1198 223 1235 nus,
255 1198 361 1236 quos
387 1186 621 1237 rogaverat,
653 1184 882 1236 opperitur.
940 1182 1013 1223 Sol
1037 1183 1174 1237 fervit,
1206 1186 1248 1224 et
1272 1183 1321 1224 fit
1346 1183 1470 1237 nihil3

75 1254 114 1283 11
132 1243 166 1283 it
191 1242 292 1295 dies,
317 1245 358 1283 et
384 1242 508 1282 amici
533 1242 641 1282 nulli
667 1245 777 1282 eunt.
828 1242 936 1282 Tum
963 1243 1033 1283 ille
1059 1257 1226 1283 rursum
1246 1243 1299 1282 ad
1317 1242 1471 1282 filium:

134 1301 274 1342 ‘amici
317 1301 388 1341 isti
431 1315 628 1355 magnam
672 1302 850 1354 partem'
896 1301 1035 1354 inquit
1081 1302 1324 1342 ‘cessatores
1363 1304 1469 1341 sunt.
1492 1319 1526 1343 20

134 1360 246 1408 Quin
282 1360 424 1414 potius
459 1359 568 1399 imus
600 1362 642 1400 et
674 1362 876 1413 cognatos
909 1360 1151 1413 adfinesque
1182 1363 1350 1400 nostros
1384 1374 1471 1400 013-

133 1434 245 1472 mus,
280 1421 329 1459 ut
365 1419 497 1458 assint
536 1432 625 1458 cras
662 1419 841 1471 temperi
878 1419 929 1458 ad
967 1418 1251 1459 metendum‘P’
1319 1417 1471 1459 Itidem

76 1488 117 1518 12
134 1478 215 1518 hoc
246 1477 353 1531 pulli
379 1477 589 1530 pavefacti
614 1477 739 1517 matri
764 1477 972 1517 nuntiant.
1029 1477 1165 1518 Mater
1190 1476 1394 1530 hortatur,
1425 1480 1472 1517 ut

133 1540 225 1577 tum
270 1550 438 1589 quoque
482 1536 570 1576 sine
613 1538 729 1575 metu
772 1550 820 1575 ac
861 1536 950 1576 sine
989 1550 1087 1576 cura
1125 1536 1225 1588 sint3
1270 1538 1471 1589 cognatos

134 1596 378 1648 adfinesque
413 1595 553 1635 nullos
591 1594 722 1634 ferme
756 1597 843 1635 tam
875 1609 964 1635 esse
997 1595 1280 1647 obsequibiles
1313 1595 1389 1647 ait,
1426 1597 1472 1634 ut
1493 1612 1526 1637 25

136 1655 187 1694 ad
230 1654 417 1694 laborem
463 1653 763 1706 capessendum
807 1652 914 1693 1111111
958 1656 1208 1693 cunctentur
1251 1656 1292 1693 et
1330 1654 1471 1694 statim

135 1714 247 1753 dicto
281 1713 523 1753 oboediant:
558 1713 647 1752 ‘vos
679 1711 820 1752 modo’
854 1712 992 1765 inquit
1023 1712 1254 1764 ‘advertite,
1286 1713 1320 1752 si
1346 1712 1472 1752 modo

78 1783 119 1812 13
136 1772 237 1825 quid
275 1772 410 1812 denuo
450 1771 638 1811 dicetur’.
702 1769 800 1810 Alia
836 1771 929 1811 luce
969 1773 1059 1811 orta
1097 1771 1185 1810 avis
1224 1771 1268 1810 in
1304 1773 1472 1824 pastum

136 1831 324 1884 profecta
363 1833 436 1870 est.
498 1828 678 1883 Cognati
717 1832 758 1869 et
795 1830 952 1869 adfines
993 1843 1180 1882 operam,
1219 1843 1344 1882 quam
1377 1829 1473 1869 dare

79 1901 119 1930 14
134 1889 272 1944 rogati
299 1891 408 1942 sunt,
435 1889 767 1942 supersederunt.
818 1887 885 1928 Ad
911 1891 1172 1941 postremum
1192 1888 1323 1942 igitur
1342 1883 1472 1928 domi·
1492 1905 1526 1930 30

233 2032 249 2061 1
291 2027 379 2061 Cum
405 2031 470 2061 RV
493 2029 496 2071 1
519 2027 665 2071 pusillis
691 2030 720 2059 V
739 2028 749 2070 [Ι
770 2030 789 2060 3
826 2038 907 2060 cum
938 2027 1076 2060 rediret
1101 2030 1129 2059 Β,
1149 2028 1160 2070 Η
1180 2031 1199 2059 6
1233 2026 1394 2060 crastina
1418 2030 1443 2058 P
1463 2028 1473 2071 Η

139 2079 156 2108 7
184 2075 295 2108 3(1038
323 2086 343 2112 ς
370 2086 431 2108 eas
456 2076 499 2108 ut
527 2075 749 2108 Goldbacher
767 2076 777 2117 ΙΙ
798 2077 817 2107 9
845 2075 881 2107 et
906 2085 971 2108 om.
994 2086 1013 2111 ς
1034 2076 1044 2118 11
1066 2078 1108 2107 10
1134 2074 1254 2118 trem]
1275 2076 1304 2106 A
1329 2084 1394 2108 om.
1417 2087 1443 2106 ω
1463 2075 1473 2117 ΙΙ

140 2126 181 2155 13
219 2122 375 2155 metiant
401 2125 429 2154 A
465 2123 517 2155 310
553 2122 696 2164 3αφιῖιι3
715 2122 726 2165 ΙΙ
748 2125 790 2154 14
823 2122 870 2154 ot
898 2122 971 2166 311]
1001 2125 1029 2153 A
1062 2121 1184 2154 animo
1216 2122 1263 2154 ot.
1291 2124 1316 2152 P
1349 2121 1474 2153 amotu

138 2169 278 2203 ociosos
303 2172 368 2202 VR
388 2170 398 2212 Η
421 2172 462 2202 16
494 2168 699 2213 necessum]
725 2171 755 2200 A
783 2178 878 2201 -esse
906 2182 932 2201 ω
953 2170 963 2211 ΙΙ
985 2172 1025 2201 17
1059 2167 1195 2212 inquit]
1221 2170 1250 2199 A
1275 2167 1391 2211 igitur
1416 2181 1443 2200 ω
1463 2167 1474 2212 3!

140 2220 181 2250 19
208 2216 238 2250 it
255 2216 315 2249 (r).
338 2216 375 2248 et
395 2215 561 2261 0111011111]
577 2218 605 2247 A
626 2216 731 2248 erant
751 2229 777 2248 ω
791 2215 857 2260 1121
887 2215 1025 2249 adfines
1053 2215 1262 2257 amicosque
1283 2228 1310 2247 ω
1337 2214 1474 2247 amicos

138 2263 203 2297 del.
217 2263 331 2297 Hertz
346 2262 418 2295 adf
434 2262 646 2305 vicinosque
661 2262 762 2307 §1127
783 2261 891 2295 modo
906 2263 967 2296 alt.
983 2262 1048 2296 del
1064 2261 1330 2307 Lllffuellerss‘zi)
1352 2261 1474 2295 malim

138 2321 249 2354 opera
275 2311 313 2353 (s.
335 2311 426 2353 -rae)
453 2311 516 2352 cfr.
540 2310 577 2342 Χ
598 2312 692 2350 14,1
