<?xml version="1.0" encoding="UTF-8"?>
<!DOCTYPE html PUBLIC "-//W3C//DTD XHTML 1.0 Transitional//EN"
    "http://www.w3.org/TR/xhtml1/DTD/xhtml1-transitional.dtd">
<html xmlns="http://www.w3.org/1999/xhtml" xml:lang="en" lang="en">
 <head>
  <title>
</title>
<meta http-equiv="Content-Type" content="text/html;charset=utf-8" />
  <meta name='ocr-system' content='tesseract 3.04.00' />
  <meta name='ocr-capabilities' content='ocr_page ocr_carea ocr_par ocr_line ocrx_word'/>
</head>
<body>
  <div class='ocr_page' id='page_1' title='image "./agelliinoctiumat01gelluoft_0156.png"; bbox 0 0 1591 2474; ppageno 0'>
   <div class='ocr_carea' id='block_1_1' title="bbox 125 58 835 102">
    <p class='ocr_par' dir='ltr' id='par_1_1' title="bbox 125 58 835 102">
     <span class='ocr_line' id='line_1_1' title="bbox 125 58 835 102; baseline 0.001 -11"><span class='ocrx_word' id='word_1_1' title='bbox 125 60 179 102; x_wconf 68' lang='lat'>88</span> <span class='ocrx_word' id='word_1_2' title='bbox 503 69 507 72; x_wconf 91' lang='lat'><em>·</em></span> <span class='ocrx_word' id='word_1_3' title='bbox 751 58 765 91; x_wconf 88' lang='lat'>1</span> <span class='ocrx_word' id='word_1_4' title='bbox 792 62 835 92; x_wconf 73' lang='lat'>25</span> 
     </span>
    </p>
   </div>
   <div class='ocr_carea' id='block_1_2' title="bbox 74 164 1526 1894">
    <p class='ocr_par' dir='ltr' id='par_1_2' title="bbox 90 164 1462 278">
     <span class='ocr_line' id='line_1_2' title="bbox 90 164 1461 217; baseline -0.001 -10"><span class='ocrx_word' id='word_1_5' title='bbox 90 167 266 207; x_wconf 77' lang='lat' dir='ltr'>5(lutiae</span> <span class='ocrx_word' id='word_1_6' title='bbox 303 169 409 207; x_wconf 82' lang='lat' dir='ltr'>sunt.</span> <span class='ocrx_word' id='word_1_7' title='bbox 474 164 582 213; x_wconf 82' lang='lat' dir='ltr'><strong>Quid</strong></span> <span class='ocrx_word' id='word_1_8' title='bbox 615 165 724 205; x_wconf 83' lang='lat' dir='ltr'>enim</span> <span class='ocrx_word' id='word_1_9' title='bbox 758 164 962 217; x_wconf 77' lang='lat' dir='ltr'>dicemus,</span> <span class='ocrx_word' id='word_1_10' title='bbox 998 165 1033 205; x_wconf 85' lang='lat' dir='ltr'>si</span> <span class='ocrx_word' id='word_1_11' title='bbox 1066 165 1238 206; x_wconf 84' lang='lat' dir='ltr'>indutiis</span> <span class='ocrx_word' id='word_1_12' title='bbox 1271 180 1461 206; x_wconf 88' lang='lat' dir='ltr'>mensum</span> 
     </span>
     <span class='ocr_line' id='line_1_3' title="bbox 126 223 1462 278; baseline -0.002 -12"><span class='ocrx_word' id='word_1_13' title='bbox 126 226 289 278; x_wconf 86' lang='lat' dir='ltr'>aliquot</span> <span class='ocrx_word' id='word_1_14' title='bbox 320 225 442 265; x_wconf 82' lang='lat' dir='ltr'>factis</span> <span class='ocrx_word' id='word_1_15' title='bbox 469 224 513 264; x_wconf 87' lang='lat' dir='ltr'>in</span> <span class='ocrx_word' id='word_1_16' title='bbox 540 224 695 277; x_wconf 86' lang='lat' dir='ltr'>oppida</span> <span class='ocrx_word' id='word_1_17' title='bbox 722 223 867 263; x_wconf 88' lang='lat' dir='ltr'>castris</span> <span class='ocrx_word' id='word_1_18' title='bbox 896 223 1176 264; x_wconf 79' lang='lat' dir='ltr'>concedatur?</span> <span class='ocrx_word' id='word_1_19' title='bbox 1207 237 1346 264; x_wconf 87' lang='lat' dir='ltr'>nonne</span> <span class='ocrx_word' id='word_1_20' title='bbox 1372 227 1462 264; x_wconf 85' lang='lat' dir='ltr'>tum</span> 
     </span>
    </p>

    <p class='ocr_par' dir='ltr' id='par_1_3' title="bbox 92 282 1517 509">
     <span class='ocr_line' id='line_1_4' title="bbox 92 282 1464 336; baseline -0.001 -12"><span class='ocrx_word' id='word_1_21' title='bbox 92 295 111 324; x_wconf 81' lang='grc'>6</span> <span class='ocrx_word' id='word_1_22' title='bbox 128 297 295 336; x_wconf 87' lang='lat' dir='ltr'>quoque</span> <span class='ocrx_word' id='word_1_23' title='bbox 321 283 507 323; x_wconf 86' lang='lat' dir='ltr'>indutiae</span> <span class='ocrx_word' id='word_1_24' title='bbox 534 282 660 322; x_wconf 76' lang='lat' dir='ltr'>sunt?</span> <span class='ocrx_word' id='word_1_25' title='bbox 692 284 764 322; x_wconf 86' lang='lat' dir='ltr'>aut</span> <span class='ocrx_word' id='word_1_26' title='bbox 788 295 932 321; x_wconf 87' lang='lat' dir='ltr'>rursus</span> <span class='ocrx_word' id='word_1_27' title='bbox 959 282 1059 334; x_wconf 90' lang='lat' dir='ltr'>quid</span> <span class='ocrx_word' id='word_1_28' title='bbox 1085 296 1174 322; x_wconf 87' lang='lat' dir='ltr'>esse</span> <span class='ocrx_word' id='word_1_29' title='bbox 1200 283 1241 322; x_wconf 90' lang='lat' dir='ltr'>id</span> <span class='ocrx_word' id='word_1_30' title='bbox 1268 282 1464 334; x_wconf 76' lang='lat' dir='ltr'>dicemus,</span> 
     </span>
     <span class='ocr_line' id='line_1_5' title="bbox 128 338 1464 395; baseline -0.001 -13"><span class='ocrx_word' id='word_1_31' title='bbox 128 342 240 395; x_wconf 89' lang='lat' dir='ltr'>quod</span> <span class='ocrx_word' id='word_1_32' title='bbox 278 342 320 381; x_wconf 85' lang='lat' dir='ltr'>in</span> <span class='ocrx_word' id='word_1_33' title='bbox 359 341 519 394; x_wconf 90' lang='lat' dir='ltr'>primo</span> <span class='ocrx_word' id='word_1_34' title='bbox 559 340 813 380; x_wconf 90' lang='lat' dir='ltr'>annalium</span> <span class='ocrx_word' id='word_1_35' title='bbox 853 338 1175 393; x_wconf 76' lang='lat' dir='ltr'>Quadrigarii</span> <span class='ocrx_word' id='word_1_36' title='bbox 1213 341 1282 392; x_wconf 75' lang='lat' dir='ltr'>(fr.</span> <span class='ocrx_word' id='word_1_37' title='bbox 1312 343 1367 381; x_wconf 69' lang='lat'>21</span> <span class='ocrx_word' id='word_1_38' title='bbox 1394 339 1464 393; x_wconf 86' lang='lat' dir='ltr'>P.)</span> 
     </span>
     <span class='ocr_line' id='line_1_6' title="bbox 128 396 1517 453; baseline -0.001 -13"><span class='ocrx_word' id='word_1_39' title='bbox 128 401 330 453; x_wconf 85' lang='lat' dir='ltr'>scriptum</span> <span class='ocrx_word' id='word_1_40' title='bbox 358 402 432 451; x_wconf 91' lang='lat' dir='ltr'>est,</span> <span class='ocrx_word' id='word_1_41' title='bbox 460 398 501 438; x_wconf 81' lang='lat' dir='ltr'>C.</span> <span class='ocrx_word' id='word_1_42' title='bbox 522 398 722 438; x_wconf 87' lang='lat' dir='ltr'>Pontium</span> <span class='ocrx_word' id='word_1_43' title='bbox 745 396 976 438; x_wconf 82' lang='lat' dir='ltr'>Samnitem</span> <span class='ocrx_word' id='word_1_44' title='bbox 1003 413 1026 437; x_wconf 92' lang='lat' dir='ltr'>a</span> <span class='ocrx_word' id='word_1_45' title='bbox 1049 399 1252 438; x_wconf 73' lang='lat' dir='ltr'>dictatore</span> <span class='ocrx_word' id='word_1_46' title='bbox 1271 398 1464 438; x_wconf 80' lang='lat' dir='ltr'>Romano</span> <span class='ocrx_word' id='word_1_47' title='bbox 1503 414 1517 439; x_wconf 86' lang='lat'>5</span> 
     </span>
     <span class='ocr_line' id='line_1_7' title="bbox 128 456 1464 509; baseline -0.002 -10"><span class='ocrx_word' id='word_1_48' title='bbox 128 473 199 499; x_wconf 77' lang='lat' dir='ltr'>sex</span> <span class='ocrx_word' id='word_1_49' title='bbox 225 458 424 498; x_wconf 88' lang='lat' dir='ltr'>horarum</span> <span class='ocrx_word' id='word_1_50' title='bbox 451 457 634 497; x_wconf 89' lang='lat' dir='ltr'>indutias</span> <span class='ocrx_word' id='word_1_51' title='bbox 661 456 908 509; x_wconf 86' lang='lat' dir='ltr'>postulasse,</span> <span class='ocrx_word' id='word_1_52' title='bbox 935 457 969 496; x_wconf 91' lang='lat' dir='ltr'>si</span> <span class='ocrx_word' id='word_1_53' title='bbox 995 456 1180 497; x_wconf 88' lang='lat' dir='ltr'>indutiae</span> <span class='ocrx_word' id='word_1_54' title='bbox 1204 456 1464 509; x_wconf 76' lang='lat' dir='ltr'>‘paucorum’</span> 
     </span>
    </p>

    <p class='ocr_par' dir='ltr' id='par_1_4' title="bbox 95 515 1463 628">
     <span class='ocr_line' id='line_1_8' title="bbox 95 515 1463 568; baseline -0.002 -11"><span class='ocrx_word' id='word_1_55' title='bbox 95 528 112 557; x_wconf 78' lang='lat'><strong>7</strong></span> <span class='ocrx_word' id='word_1_56' title='bbox 128 519 293 557; x_wconf 88' lang='lat' dir='ltr'>tantum</span> <span class='ocrx_word' id='word_1_57' title='bbox 322 515 512 555; x_wconf 79' lang='lat' dir='ltr'>‘dierum’</span> <span class='ocrx_word' id='word_1_58' title='bbox 542 515 815 568; x_wconf 82' lang='lat' dir='ltr'>appellandae</span> <span class='ocrx_word' id='word_1_59' title='bbox 836 516 933 554; x_wconf 89' lang='lat' dir='ltr'>sunt</span> <span class='ocrx_word' id='word_1_60' title='bbox 942 515 962 554; x_wconf 74' lang='lat'>⁴?</span> <span class='ocrx_word' id='word_1_61' title='bbox 996 515 1126 554; x_wconf 76' lang='lat' dir='ltr'>‘belli&#39;</span> <span class='ocrx_word' id='word_1_62' title='bbox 1149 518 1287 555; x_wconf 86' lang='lat' dir='ltr'>autem</span> <span class='ocrx_word' id='word_1_63' title='bbox 1311 515 1463 554; x_wconf 77' lang='lat' dir='ltr'>‘ferias’</span> 
     </span>
     <span class='ocr_line' id='line_1_9' title="bbox 128 573 1282 628; baseline -0.003 -13"><span class='ocrx_word' id='word_1_64' title='bbox 128 575 276 615; x_wconf 82' lang='lat' dir='ltr'>festive</span> <span class='ocrx_word' id='word_1_65' title='bbox 308 574 443 628; x_wconf 86' lang='lat' dir='ltr'>magis</span> <span class='ocrx_word' id='word_1_66' title='bbox 476 573 582 613; x_wconf 83' lang='lat' dir='ltr'>dixit</span> <span class='ocrx_word' id='word_1_67' title='bbox 613 587 739 625; x_wconf 88' lang='lat' dir='ltr'>quam</span> <span class='ocrx_word' id='word_1_68' title='bbox 771 575 914 625; x_wconf 88' lang='lat' dir='ltr'>aperte</span> <span class='ocrx_word' id='word_1_69' title='bbox 946 575 1070 625; x_wconf 89' lang='lat' dir='ltr'>atque</span> <span class='ocrx_word' id='word_1_70' title='bbox 1102 573 1282 613; x_wconf 89' lang='lat' dir='ltr'>definite.</span> 
     </span>
    </p>

    <p class='ocr_par' dir='ltr' id='par_1_5' title="bbox 93 630 1521 801">
     <span class='ocr_line' id='line_1_10' title="bbox 93 630 1466 685; baseline -0.001 -12"><span class='ocrx_word' id='word_1_71' title='bbox 93 643 113 673; x_wconf 72' lang='lat'><em>8</em></span> <span class='ocrx_word' id='word_1_72' title='bbox 218 630 363 672; x_wconf 77' lang='lat' dir='ltr'>Graeci</span> <span class='ocrx_word' id='word_1_73' title='bbox 405 634 544 672; x_wconf 86' lang='lat' dir='ltr'>autem</span> <span class='ocrx_word' id='word_1_74' title='bbox 583 631 889 685; x_wconf 87' lang='lat' dir='ltr'>significantius</span> <span class='ocrx_word' id='word_1_75' title='bbox 929 632 1300 685; x_wconf 72' lang='lat' dir='ltr'>consignatiusque</span> <span class='ocrx_word' id='word_1_76' title='bbox 1337 645 1466 671; x_wconf 87' lang='lat' dir='ltr'>cessa-</span> 
     </span>
     <span class='ocr_line' id='line_1_11' title="bbox 128 688 1521 744; baseline -0.001 -13"><span class='ocrx_word' id='word_1_77' title='bbox 128 692 288 731; x_wconf 87' lang='lat' dir='ltr'>tionem</span> <span class='ocrx_word' id='word_1_78' title='bbox 339 691 463 730; x_wconf 88' lang='lat' dir='ltr'>istam</span> <span class='ocrx_word' id='word_1_79' title='bbox 514 703 681 744; x_wconf 80' lang='lat' dir='ltr'>pugnae</span> <span class='ocrx_word' id='word_1_80' title='bbox 727 690 950 742; x_wconf 87' lang='lat' dir='ltr'>pacticiam</span> <span class='ocrx_word' id='word_1_81' title='bbox 994 688 1229 743; x_wconf 69' lang='grc' dir='ltr'><em>ἐκεχειρίαν</em></span> <span class='ocrx_word' id='word_1_82' title='bbox 1274 690 1468 729; x_wconf 84' lang='lat' dir='ltr'>dixerunt</span> <span class='ocrx_word' id='word_1_83' title='bbox 1488 704 1521 729; x_wconf 86' lang='lat'>10</span> 
     </span>
     <span class='ocr_line' id='line_1_12' title="bbox 130 747 1468 801; baseline -0.001 -12"><span class='ocrx_word' id='word_1_84' title='bbox 130 751 326 801; x_wconf 80' lang='lat' dir='ltr'>exempta</span> <span class='ocrx_word' id='word_1_85' title='bbox 359 749 501 788; x_wconf 86' lang='lat' dir='ltr'>littera</span> <span class='ocrx_word' id='word_1_86' title='bbox 531 762 615 788; x_wconf 90' lang='lat' dir='ltr'>una</span> <span class='ocrx_word' id='word_1_87' title='bbox 648 749 810 788; x_wconf 89' lang='lat' dir='ltr'>sonitus</span> <span class='ocrx_word' id='word_1_88' title='bbox 842 748 1036 787; x_wconf 85' lang='lat' dir='ltr'>vastioris</span> <span class='ocrx_word' id='word_1_89' title='bbox 1069 751 1110 788; x_wconf 89' lang='lat' dir='ltr'>et</span> <span class='ocrx_word' id='word_1_90' title='bbox 1141 747 1309 788; x_wconf 89' lang='lat' dir='ltr'>subdita</span> <span class='ocrx_word' id='word_1_91' title='bbox 1339 748 1468 788; x_wconf 88' lang='lat' dir='ltr'>lenio-</span> 
     </span>
    </p>

    <p class='ocr_par' dir='ltr' id='par_1_6' title="bbox 95 806 1467 860">
     <span class='ocr_line' id='line_1_13' title="bbox 95 806 1467 860; baseline -0.001 -13"><span class='ocrx_word' id='word_1_92' title='bbox 95 818 114 847; x_wconf 74' lang='grc'><strong>9</strong></span> <span class='ocrx_word' id='word_1_93' title='bbox 128 808 196 847; x_wconf 87' lang='lat' dir='ltr'>ris.</span> <span class='ocrx_word' id='word_1_94' title='bbox 258 806 369 847; x_wconf 85' lang='grc' dir='ltr'><strong>Ν3111</strong></span> <span class='ocrx_word' id='word_1_95' title='bbox 409 807 521 859; x_wconf 89' lang='lat' dir='ltr'>quod</span> <span class='ocrx_word' id='word_1_96' title='bbox 556 820 604 846; x_wconf 90' lang='lat' dir='ltr'>eo</span> <span class='ocrx_word' id='word_1_97' title='bbox 642 809 833 859; x_wconf 88' lang='lat' dir='ltr'>tempore</span> <span class='ocrx_word' id='word_1_98' title='bbox 869 820 955 846; x_wconf 90' lang='lat' dir='ltr'>non</span> <span class='ocrx_word' id='word_1_99' title='bbox 992 808 1204 860; x_wconf 90' lang='lat' dir='ltr'>pugnetur</span> <span class='ocrx_word' id='word_1_100' title='bbox 1243 809 1283 846; x_wconf 90' lang='lat' dir='ltr'>et</span> <span class='ocrx_word' id='word_1_101' title='bbox 1320 820 1467 846; x_wconf 89' lang='lat' dir='ltr'>manus</span> 
     </span>
    </p>

    <p class='ocr_par' dir='ltr' id='par_1_7' title="bbox 74 863 1522 1035">
     <span class='ocr_line' id='line_1_14' title="bbox 74 863 1469 918; baseline -0.001 -13"><span class='ocrx_word' id='word_1_102' title='bbox 74 877 116 905; x_wconf 85' lang='grc'>10</span> <span class='ocrx_word' id='word_1_103' title='bbox 131 865 419 915; x_wconf 86' lang='lat' dir='ltr'>cohibeantur,</span> <span class='ocrx_word' id='word_1_104' title='bbox 452 864 688 918; x_wconf 73' lang='grc' dir='ltr'><strong><em>ἐκεχειρίαν</em></strong></span> <span class='ocrx_word' id='word_1_105' title='bbox 721 863 997 917; x_wconf 86' lang='lat' dir='ltr'>appellarunt.</span> <span class='ocrx_word' id='word_1_106' title='bbox 1055 863 1136 904; x_wconf 79' lang='lat' dir='ltr'>Sed</span> <span class='ocrx_word' id='word_1_107' title='bbox 1168 864 1357 917; x_wconf 84' lang='lat' dir='ltr'>profecto</span> <span class='ocrx_word' id='word_1_108' title='bbox 1383 878 1469 904; x_wconf 87' lang='grc'><strong>11011</strong></span> 
     </span>
     <span class='ocr_line' id='line_1_15' title="bbox 130 922 1470 976; baseline -0.001 -13"><span class='ocrx_word' id='word_1_109' title='bbox 130 924 172 964; x_wconf 89' lang='grc'>1(1</span> <span class='ocrx_word' id='word_1_110' title='bbox 215 924 297 963; x_wconf 85' lang='lat' dir='ltr'>fuit</span> <span class='ocrx_word' id='word_1_111' title='bbox 335 922 552 963; x_wconf 84' lang='lat' dir='ltr'>Varroni</span> <span class='ocrx_word' id='word_1_112' title='bbox 595 923 832 976; x_wconf 87' lang='lat' dir='ltr'>negotium,</span> <span class='ocrx_word' id='word_1_113' title='bbox 875 925 922 962; x_wconf 89' lang='lat' dir='ltr'>ut</span> <span class='ocrx_word' id='word_1_114' title='bbox 959 922 1141 962; x_wconf 73' lang='lat' dir='ltr'>indutias</span> <span class='ocrx_word' id='word_1_115' title='bbox 1181 923 1470 975; x_wconf 74' lang='lat' dir='ltr'>superstitiose</span> 
     </span>
     <span class='ocr_line' id='line_1_16' title="bbox 131 981 1522 1035; baseline -0.001 -13"><span class='ocrx_word' id='word_1_116' title='bbox 131 981 323 1022; x_wconf 87' lang='lat' dir='ltr'>definiret</span> <span class='ocrx_word' id='word_1_117' title='bbox 352 984 393 1022; x_wconf 87' lang='lat' dir='ltr'>et</span> <span class='ocrx_word' id='word_1_118' title='bbox 418 981 583 1035; x_wconf 89' lang='lat' dir='ltr'>legibus</span> <span class='ocrx_word' id='word_1_119' title='bbox 608 981 928 1033; x_wconf 83' lang='lat' dir='ltr'>rationibusque</span> <span class='ocrx_word' id='word_1_120' title='bbox 955 981 1150 1020; x_wconf 88' lang='lat' dir='ltr'>omnibus</span> <span class='ocrx_word' id='word_1_121' title='bbox 1177 981 1469 1021; x_wconf 88' lang='lat' dir='ltr'>definitionum</span> <span class='ocrx_word' id='word_1_122' title='bbox 1490 995 1522 1020; x_wconf 87' lang='lat'>15</span> 
     </span>
    </p>

    <p class='ocr_par' dir='ltr' id='par_1_8' title="bbox 74 1038 1471 1210">
     <span class='ocr_line' id='line_1_17' title="bbox 74 1038 1470 1080; baseline -0.001 0"><span class='ocrx_word' id='word_1_123' title='bbox 74 1051 114 1080; x_wconf 90' lang='lat'>11</span> <span class='ocrx_word' id='word_1_124' title='bbox 131 1040 361 1080; x_wconf 83' lang='lat' dir='ltr'>inserviret.</span> <span class='ocrx_word' id='word_1_125' title='bbox 425 1038 534 1079; x_wconf 77' lang='lat' dir='ltr'>Satis</span> <span class='ocrx_word' id='word_1_126' title='bbox 574 1040 685 1079; x_wconf 90' lang='lat' dir='ltr'>enim</span> <span class='ocrx_word' id='word_1_127' title='bbox 724 1039 859 1078; x_wconf 83' lang='lat' dir='ltr'>visum</span> <span class='ocrx_word' id='word_1_128' title='bbox 899 1042 962 1078; x_wconf 92' lang='lat' dir='ltr'>est</span> <span class='ocrx_word' id='word_1_129' title='bbox 999 1039 1205 1079; x_wconf 89' lang='lat' dir='ltr'>eiusmodi</span> <span class='ocrx_word' id='word_1_130' title='bbox 1238 1039 1373 1079; x_wconf 88' lang='lat' dir='ltr'>facere</span> <span class='ocrx_word' id='word_1_131' title='bbox 1405 1039 1470 1079; x_wconf 90' lang='lat' dir='ltr'>de-</span> 
     </span>
     <span class='ocr_line' id='line_1_18' title="bbox 132 1095 1471 1151; baseline -0.001 -13"><span class='ocrx_word' id='word_1_132' title='bbox 132 1099 500 1148; x_wconf 81' lang='lat' dir='ltr'>monstrationem,</span> <span class='ocrx_word' id='word_1_133' title='bbox 545 1098 656 1149; x_wconf 87' lang='lat' dir='ltr'>quod</span> <span class='ocrx_word' id='word_1_134' title='bbox 701 1111 831 1151; x_wconf 88' lang='lat' dir='ltr'>genus</span> <span class='ocrx_word' id='word_1_135' title='bbox 874 1095 1018 1137; x_wconf 83' lang='lat' dir='ltr'>Graeci</span> <span class='ocrx_word' id='word_1_136' title='bbox 1058 1097 1221 1144; x_wconf 78' lang='grc' dir='ltr'><em>τύπους</em></span> <span class='ocrx_word' id='word_1_137' title='bbox 1258 1097 1392 1151; x_wconf 88' lang='lat' dir='ltr'>magis</span> <span class='ocrx_word' id='word_1_138' title='bbox 1430 1100 1471 1137; x_wconf 93' lang='lat' dir='ltr'>et</span> 
     </span>
     <span class='ocr_line' id='line_1_19' title="bbox 132 1154 985 1210; baseline -0.002 -14"><span class='ocrx_word' id='word_1_139' title='bbox 132 1157 392 1210; x_wconf 69' lang='grc' dir='ltr'>ὑπογραφάς</span> <span class='ocrx_word' id='word_1_140' title='bbox 424 1170 547 1208; x_wconf 90' lang='lat' dir='ltr'>quam</span> <span class='ocrx_word' id='word_1_141' title='bbox 583 1154 791 1209; x_wconf 77' lang='grc' dir='ltr'><em>ὁρισμοὺς</em></span> <span class='ocrx_word' id='word_1_142' title='bbox 822 1158 985 1195; x_wconf 84' lang='lat' dir='ltr'>vocant.</span> 
     </span>
    </p>

    <p class='ocr_par' dir='ltr' id='par_1_9' title="bbox 76 1212 1524 1384">
     <span class='ocr_line' id='line_1_20' title="bbox 76 1212 1470 1266; baseline -0.001 -12"><span class='ocrx_word' id='word_1_143' title='bbox 76 1226 117 1254; x_wconf 74' lang='lat'>12</span> <span class='ocrx_word' id='word_1_144' title='bbox 221 1212 484 1254; x_wconf 85' lang='lat' dir='ltr'>lndutiaruni</span> <span class='ocrx_word' id='word_1_145' title='bbox 524 1217 663 1253; x_wconf 91' lang='lat' dir='ltr'>autem</span> <span class='ocrx_word' id='word_1_146' title='bbox 702 1213 955 1253; x_wconf 82' lang='lat' dir='ltr'>vocabulum</span> <span class='ocrx_word' id='word_1_147' title='bbox 994 1227 1076 1266; x_wconf 86' lang='lat' dir='ltr'>qua</span> <span class='ocrx_word' id='word_1_148' title='bbox 1111 1213 1165 1253; x_wconf 89' lang='lat' dir='ltr'>sit</span> <span class='ocrx_word' id='word_1_149' title='bbox 1195 1213 1358 1253; x_wconf 88' lang='lat' dir='ltr'>ratione</span> <span class='ocrx_word' id='word_1_150' title='bbox 1388 1213 1470 1253; x_wconf 82' lang='lat' dir='ltr'>fac-</span> 
     </span>
     <span class='ocr_line' id='line_1_21' title="bbox 76 1270 1524 1325; baseline -0.002 -12"><span class='ocrx_word' id='word_1_151' title='bbox 76 1284 118 1313; x_wconf 79' lang='grc'>13</span> <span class='ocrx_word' id='word_1_152' title='bbox 134 1276 237 1325; x_wconf 85' lang='lat' dir='ltr'>tum,</span> <span class='ocrx_word' id='word_1_153' title='bbox 263 1274 347 1312; x_wconf 90' lang='grc'><strong>13111</strong></span> <span class='ocrx_word' id='word_1_154' title='bbox 373 1273 443 1312; x_wconf 87' lang='grc'><strong>(1111</strong></span> <span class='ocrx_word' id='word_1_155' title='bbox 471 1275 545 1324; x_wconf 86' lang='lat' dir='ltr'>est,</span> <span class='ocrx_word' id='word_1_156' title='bbox 572 1286 665 1312; x_wconf 90' lang='lat' dir='ltr'>cum</span> <span class='ocrx_word' id='word_1_157' title='bbox 693 1272 942 1323; x_wconf 82' lang='lat' dir='ltr'>quaerimus.</span> <span class='ocrx_word' id='word_1_158' title='bbox 1000 1270 1079 1311; x_wconf 82' lang='lat' dir='ltr'>Sed</span> <span class='ocrx_word' id='word_1_159' title='bbox 1106 1285 1156 1311; x_wconf 80' lang='lat' dir='ltr'>ex</span> <span class='ocrx_word' id='word_1_160' title='bbox 1182 1272 1340 1323; x_wconf 87' lang='lat' dir='ltr'>multis,</span> <span class='ocrx_word' id='word_1_161' title='bbox 1366 1285 1471 1324; x_wconf 91' lang='lat' dir='ltr'>quae</span> <span class='ocrx_word' id='word_1_162' title='bbox 1492 1286 1524 1310; x_wconf 83' lang='lat'>20</span> 
     </span>
     <span class='ocr_line' id='line_1_22' title="bbox 133 1329 1472 1384; baseline -0.001 -13"><span class='ocrx_word' id='word_1_163' title='bbox 133 1332 200 1371; x_wconf 85' lang='lat' dir='ltr'>vel</span> <span class='ocrx_word' id='word_1_164' title='bbox 232 1331 424 1371; x_wconf 84' lang='lat' dir='ltr'>audimus</span> <span class='ocrx_word' id='word_1_165' title='bbox 456 1331 523 1370; x_wconf 79' lang='lat' dir='ltr'>vel</span> <span class='ocrx_word' id='word_1_166' title='bbox 554 1331 752 1384; x_wconf 82' lang='lat' dir='ltr'>legimus,</span> <span class='ocrx_word' id='word_1_167' title='bbox 790 1329 1051 1382; x_wconf 84' lang='lat' dir='ltr'>probabilius</span> <span class='ocrx_word' id='word_1_168' title='bbox 1084 1329 1142 1381; x_wconf 83' lang='lat' dir='ltr'>id,</span> <span class='ocrx_word' id='word_1_169' title='bbox 1181 1330 1293 1382; x_wconf 89' lang='lat' dir='ltr'>quod</span> <span class='ocrx_word' id='word_1_170' title='bbox 1325 1330 1472 1381; x_wconf 87' lang='lat' dir='ltr'>dicam,</span> 
     </span>
    </p>

    <p class='ocr_par' dir='ltr' id='par_1_10' title="bbox 78 1387 1471 1440">
     <span class='ocr_line' id='line_1_23' title="bbox 78 1387 1471 1440; baseline -0.001 -11"><span class='ocrx_word' id='word_1_171' title='bbox 78 1400 120 1429; x_wconf 79' lang='lat'>14</span> <span class='ocrx_word' id='word_1_172' title='bbox 134 1390 320 1434; x_wconf 59' lang='lat' dir='ltr'>videtur„</span> <span class='ocrx_word' id='word_1_173' title='bbox 364 1388 582 1428; x_wconf 73' lang='lat' dir='ltr'>‘Indutias’</span> <span class='ocrx_word' id='word_1_174' title='bbox 611 1389 670 1428; x_wconf 91' lang='lat' dir='ltr'>sic</span> <span class='ocrx_word' id='word_1_175' title='bbox 695 1388 826 1428; x_wconf 82' lang='lat' dir='ltr'>dictas</span> <span class='ocrx_word' id='word_1_176' title='bbox 853 1387 1116 1436; x_wconf 83' lang='lat' dir='ltr'>arbitramur,</span> <span class='ocrx_word' id='word_1_177' title='bbox 1142 1389 1261 1440; x_wconf 85' lang='lat' dir='ltr'>quasi</span> <span class='ocrx_word' id='word_1_178' title='bbox 1286 1391 1333 1428; x_wconf 91' lang='lat' dir='ltr'>tu</span> <span class='ocrx_word' id='word_1_179' title='bbox 1359 1388 1471 1428; x_wconf 89' lang='lat' dir='ltr'>dicas</span> 
     </span>
    </p>

    <p class='ocr_par' dir='ltr' id='par_1_11' title="bbox 78 1446 1525 1617">
     <span class='ocr_line' id='line_1_24' title="bbox 78 1446 1473 1498; baseline -0.001 -11"><span class='ocrx_word' id='word_1_180' title='bbox 78 1458 119 1488; x_wconf 84' lang='lat'>15</span> <span class='ocrx_word' id='word_1_181' title='bbox 137 1448 248 1487; x_wconf 78' lang='lat' dir='ltr'>‘inde</span> <span class='ocrx_word' id='word_1_182' title='bbox 284 1447 347 1487; x_wconf 90' lang='lat' dir='ltr'>uti</span> <span class='ocrx_word' id='word_1_183' title='bbox 385 1447 496 1486; x_wconf 84' lang='lat' dir='ltr'>iam’.</span> <span class='ocrx_word' id='word_1_184' title='bbox 559 1446 735 1486; x_wconf 86' lang='lat' dir='ltr'>Pactum</span> <span class='ocrx_word' id='word_1_185' title='bbox 774 1447 1030 1486; x_wconf 87' lang='lat' dir='ltr'>indutiarum</span> <span class='ocrx_word' id='word_1_186' title='bbox 1069 1446 1274 1486; x_wconf 85' lang='lat' dir='ltr'>eiusmodi</span> <span class='ocrx_word' id='word_1_187' title='bbox 1309 1449 1388 1498; x_wconf 89' lang='lat' dir='ltr'>est,</span> <span class='ocrx_word' id='word_1_188' title='bbox 1425 1448 1473 1486; x_wconf 89' lang='lat' dir='ltr'>ut</span> 
     </span>
     <span class='ocr_line' id='line_1_25' title="bbox 135 1503 1473 1558; baseline -0.001 -13"><span class='ocrx_word' id='word_1_189' title='bbox 135 1506 178 1545; x_wconf 89' lang='lat' dir='ltr'>in</span> <span class='ocrx_word' id='word_1_190' title='bbox 211 1506 320 1545; x_wconf 87' lang='lat' dir='ltr'>diem</span> <span class='ocrx_word' id='word_1_191' title='bbox 353 1508 512 1545; x_wconf 85' lang='lat' dir='ltr'>certum</span> <span class='ocrx_word' id='word_1_192' title='bbox 544 1518 631 1544; x_wconf 88' lang='lat' dir='ltr'>non</span> <span class='ocrx_word' id='word_1_193' title='bbox 662 1506 874 1558; x_wconf 88' lang='lat' dir='ltr'>pugnetur</span> <span class='ocrx_word' id='word_1_194' title='bbox 904 1503 1095 1557; x_wconf 88' lang='lat' dir='ltr'>nihilque</span> <span class='ocrx_word' id='word_1_195' title='bbox 1127 1505 1473 1556; x_wconf 82' lang='lat' dir='ltr'>incommodetur,</span> 
     </span>
     <span class='ocr_line' id='line_1_26' title="bbox 136 1563 1525 1617; baseline -0.001 -14"><span class='ocrx_word' id='word_1_196' title='bbox 136 1564 207 1604; x_wconf 88' lang='lat' dir='ltr'>sed</span> <span class='ocrx_word' id='word_1_197' title='bbox 240 1578 289 1603; x_wconf 78' lang='lat' dir='ltr'>ex</span> <span class='ocrx_word' id='word_1_198' title='bbox 321 1577 370 1603; x_wconf 93' lang='lat' dir='ltr'>eo</span> <span class='ocrx_word' id='word_1_199' title='bbox 403 1563 468 1603; x_wconf 90' lang='lat' dir='ltr'>die</span> <span class='ocrx_word' id='word_1_200' title='bbox 500 1565 646 1615; x_wconf 88' lang='lat' dir='ltr'>postea</span> <span class='ocrx_word' id='word_1_201' title='bbox 677 1563 740 1603; x_wconf 84' lang='lat' dir='ltr'>uti</span> <span class='ocrx_word' id='word_1_202' title='bbox 766 1563 848 1602; x_wconf 81' lang='lat' dir='ltr'>iani</span> <span class='ocrx_word' id='word_1_203' title='bbox 877 1563 1017 1602; x_wconf 86' lang='lat' dir='ltr'>onmia</span> <span class='ocrx_word' id='word_1_204' title='bbox 1042 1563 1143 1602; x_wconf 90' lang='lat' dir='ltr'>belli</span> <span class='ocrx_word' id='word_1_205' title='bbox 1168 1563 1256 1602; x_wconf 89' lang='lat' dir='ltr'>iure</span> <span class='ocrx_word' id='word_1_206' title='bbox 1282 1565 1472 1617; x_wconf 88' lang='lat' dir='ltr'>agantur.</span> <span class='ocrx_word' id='word_1_207' title='bbox 1493 1576 1525 1601; x_wconf 85' lang='lat'>25</span> 
     </span>
    </p>

    <p class='ocr_par' dir='ltr' id='par_1_12' title="bbox 77 1620 1526 1894">
     <span class='ocr_line' id='line_1_27' title="bbox 77 1620 1474 1675; baseline -0.001 -13"><span class='ocrx_word' id='word_1_208' title='bbox 77 1632 121 1662; x_wconf 83' lang='lat'>16</span> <span class='ocrx_word' id='word_1_209' title='bbox 137 1620 258 1670; x_wconf 80' lang='lat' dir='ltr'>Quod</span> <span class='ocrx_word' id='word_1_210' title='bbox 295 1622 426 1675; x_wconf 87' lang='lat' dir='ltr'>igitur</span> <span class='ocrx_word' id='word_1_211' title='bbox 463 1621 548 1661; x_wconf 89' lang='lat' dir='ltr'>dies</span> <span class='ocrx_word' id='word_1_212' title='bbox 587 1623 722 1661; x_wconf 86' lang='lat' dir='ltr'>certus</span> <span class='ocrx_word' id='word_1_213' title='bbox 760 1620 1007 1673; x_wconf 87' lang='lat' dir='ltr'>praefinitur</span> <span class='ocrx_word' id='word_1_214' title='bbox 1038 1623 1292 1673; x_wconf 85' lang='lat' dir='ltr'>pactumque</span> <span class='ocrx_word' id='word_1_215' title='bbox 1323 1621 1389 1673; x_wconf 86' lang='lat' dir='ltr'>fit,</span> <span class='ocrx_word' id='word_1_216' title='bbox 1426 1622 1474 1660; x_wconf 88' lang='lat' dir='ltr'>ut</span> 
     </span>
     <span class='ocr_line' id='line_1_28' title="bbox 137 1679 1474 1732; baseline -0.001 -12"><span class='ocrx_word' id='word_1_217' title='bbox 137 1682 233 1720; x_wconf 88' lang='lat' dir='ltr'>ante</span> <span class='ocrx_word' id='word_1_218' title='bbox 277 1694 371 1720; x_wconf 91' lang='lat' dir='ltr'>eum</span> <span class='ocrx_word' id='word_1_219' title='bbox 411 1680 519 1719; x_wconf 90' lang='lat' dir='ltr'>diem</span> <span class='ocrx_word' id='word_1_220' title='bbox 557 1693 609 1719; x_wconf 88' lang='lat' dir='ltr'>ne</span> <span class='ocrx_word' id='word_1_221' title='bbox 646 1682 858 1732; x_wconf 89' lang='lat' dir='ltr'>pugnetur</span> <span class='ocrx_word' id='word_1_222' title='bbox 895 1681 1020 1731; x_wconf 91' lang='lat' dir='ltr'>atque</span> <span class='ocrx_word' id='word_1_223' title='bbox 1058 1679 1092 1718; x_wconf 89' lang='lat' dir='ltr'>is</span> <span class='ocrx_word' id='word_1_224' title='bbox 1130 1679 1216 1719; x_wconf 89' lang='lat' dir='ltr'>dies</span> <span class='ocrx_word' id='word_1_225' title='bbox 1254 1679 1324 1718; x_wconf 85' lang='lat' dir='ltr'>ubi</span> <span class='ocrx_word' id='word_1_226' title='bbox 1358 1680 1474 1718; x_wconf 85' lang='lat' dir='ltr'>venit</span> 
     </span>
     <span class='ocr_line' id='line_1_29' title="bbox 139 1737 1474 1791; baseline -0.001 -14"><span class='ocrx_word' id='word_1_227' title='bbox 139 1738 250 1778; x_wconf 85' lang='lat' dir='ltr'>‘inde</span> <span class='ocrx_word' id='word_1_228' title='bbox 287 1739 350 1777; x_wconf 91' lang='lat' dir='ltr'>uti</span> <span class='ocrx_word' id='word_1_229' title='bbox 388 1738 486 1777; x_wconf 77' lang='lat' dir='ltr'>iam&#39;</span> <span class='ocrx_word' id='word_1_230' title='bbox 526 1740 754 1791; x_wconf 83' lang='lat' dir='ltr'>pugnetur,</span> <span class='ocrx_word' id='word_1_231' title='bbox 792 1737 946 1776; x_wconf 83' lang='lat' dir='ltr'>idcirco</span> <span class='ocrx_word' id='word_1_232' title='bbox 985 1751 1035 1777; x_wconf 79' lang='lat' dir='ltr'>ex</span> <span class='ocrx_word' id='word_1_233' title='bbox 1068 1737 1153 1789; x_wconf 82' lang='lat' dir='ltr'>his,</span> <span class='ocrx_word' id='word_1_234' title='bbox 1191 1737 1342 1788; x_wconf 83' lang='lat' dir='ltr'>quibus</span> <span class='ocrx_word' id='word_1_235' title='bbox 1375 1737 1474 1788; x_wconf 77' lang='lat' dir='ltr'>dixi,</span> 
     </span>
     <span class='ocr_line' id='line_1_30' title="bbox 137 1796 1474 1848; baseline -0.001 -13"><span class='ocrx_word' id='word_1_236' title='bbox 137 1796 325 1848; x_wconf 85' lang='lat' dir='ltr'>vocibus,</span> <span class='ocrx_word' id='word_1_237' title='bbox 356 1796 475 1848; x_wconf 87' lang='lat' dir='ltr'>quasi</span> <span class='ocrx_word' id='word_1_238' title='bbox 506 1810 580 1848; x_wconf 89' lang='lat' dir='ltr'>per</span> <span class='ocrx_word' id='word_1_239' title='bbox 612 1796 819 1848; x_wconf 84' lang='lat' dir='ltr'>quendam</span> <span class='ocrx_word' id='word_1_240' title='bbox 847 1796 1004 1836; x_wconf 85' lang='lat' dir='ltr'>coitum</span> <span class='ocrx_word' id='word_1_241' title='bbox 1031 1798 1073 1835; x_wconf 89' lang='lat' dir='ltr'>et</span> <span class='ocrx_word' id='word_1_242' title='bbox 1098 1796 1294 1848; x_wconf 84' lang='lat' dir='ltr'>copulam</span> <span class='ocrx_word' id='word_1_243' title='bbox 1319 1809 1474 1835; x_wconf 89' lang='lat' dir='ltr'>nomen</span> 
     </span>
     <span class='ocr_line' id='line_1_31' title="bbox 138 1854 1526 1894; baseline -0.001 -1"><span class='ocrx_word' id='word_1_244' title='bbox 138 1854 395 1894; x_wconf 84' lang='lat' dir='ltr'>indutiarum</span> <span class='ocrx_word' id='word_1_245' title='bbox 429 1867 633 1894; x_wconf 81' lang='lat' dir='ltr'>conexum</span> <span class='ocrx_word' id='word_1_246' title='bbox 666 1856 739 1893; x_wconf 89' lang='lat' dir='ltr'>est.</span> <span class='ocrx_word' id='word_1_247' title='bbox 1493 1867 1526 1892; x_wconf 84' lang='lat'>30</span> 
     </span>
    </p>
   </div>
   <div class='ocr_carea' id='block_1_3' title="bbox 236 1965 1240 2012">
    <p class='ocr_par' dir='ltr' id='par_1_13' title="bbox 236 1965 1240 2012">
     <span class='ocr_line' id='line_1_32' title="bbox 236 1965 1240 2012; baseline 0.001 -13"><span class='ocrx_word' id='word_1_248' title='bbox 236 1971 278 2000; x_wconf 85' lang='lat'>10</span> <span class='ocrx_word' id='word_1_249' title='bbox 293 1979 343 2010; x_wconf 83' lang='lat' dir='ltr'>sq.</span> <span class='ocrx_word' id='word_1_250' title='bbox 372 1967 482 2001; x_wconf 87' lang='lat' dir='ltr'>schol.</span> <span class='ocrx_word' id='word_1_251' title='bbox 504 1967 614 2001; x_wconf 87' lang='lat' dir='ltr'>Arist.</span> <span class='ocrx_word' id='word_1_252' title='bbox 636 1967 718 2000; x_wconf 83' lang='lat' dir='ltr'>Pac.</span> <span class='ocrx_word' id='word_1_253' title='bbox 741 1970 806 2000; x_wconf 84' lang='lat'>907</span> <span class='ocrx_word' id='word_1_254' title='bbox 835 1966 933 2000; x_wconf 82' lang='lat' dir='ltr'>Suid.</span> <span class='ocrx_word' id='word_1_255' title='bbox 962 1978 987 2000; x_wconf 83' lang='grc'>8.</span> <span class='ocrx_word' id='word_1_256' title='bbox 1009 1978 1038 1999; x_wconf 89' lang='lat' dir='ltr'>v.</span> <span class='ocrx_word' id='word_1_257' title='bbox 1061 1965 1240 2012; x_wconf 72' lang='grc' dir='ltr'><strong><em>ἐκεχειρία</em></strong></span> 
     </span>
    </p>
   </div>
   <div class='ocr_carea' id='block_1_4' title="bbox 141 2041 276 2043">
    <p class='ocr_par' dir='ltr' id='par_1_14' title="bbox 141 2041 276 2043">
     <span class='ocr_line' id='line_1_33' title="bbox 141 2041 276 2043; baseline 0 0"><span class='ocrx_word' id='word_1_258' title='bbox 141 2041 276 2043; x_wconf 95' lang='lat' dir='ltr'> </span> 
     </span>
    </p>
   </div>
   <div class='ocr_carea' id='block_1_5' title="bbox 139 2081 1475 2314">
    <p class='ocr_par' dir='ltr' id='par_1_15' title="bbox 139 2081 1475 2314">
     <span class='ocr_line' id='line_1_34' title="bbox 236 2081 1472 2128; baseline -0.002 -12"><span class='ocrx_word' id='word_1_259' title='bbox 236 2087 252 2115; x_wconf 91' lang='grc'>1</span> <span class='ocrx_word' id='word_1_260' title='bbox 275 2084 456 2128; x_wconf 87' lang='lat' dir='ltr'>mensum]</span> <span class='ocrx_word' id='word_1_261' title='bbox 471 2087 496 2116; x_wconf 89' lang='lat' dir='ltr'>P</span> <span class='ocrx_word' id='word_1_262' title='bbox 515 2083 553 2116; x_wconf 90' lang='lat' dir='ltr'>in</span> <span class='ocrx_word' id='word_1_263' title='bbox 572 2094 737 2117; x_wconf 87' lang='lat' dir='ltr'>mensum</span> <span class='ocrx_word' id='word_1_264' title='bbox 751 2086 816 2115; x_wconf 83' lang='lat' dir='ltr'>RV</span> <span class='ocrx_word' id='word_1_265' title='bbox 835 2083 872 2115; x_wconf 91' lang='lat' dir='ltr'>in</span> <span class='ocrx_word' id='word_1_266' title='bbox 893 2082 1099 2116; x_wconf 80' lang='lat' dir='ltr'>inmensum</span> <span class='ocrx_word' id='word_1_267' title='bbox 1112 2086 1173 2115; x_wconf 82' lang='grc' dir='ltr'>ΤΥ</span> <span class='ocrx_word' id='word_1_268' title='bbox 1186 2082 1197 2127; x_wconf 74' lang='grc' dir='ltr'>Η</span> <span class='ocrx_word' id='word_1_269' title='bbox 1212 2086 1230 2115; x_wconf 98' lang='grc'><strong>2</strong></span> <span class='ocrx_word' id='word_1_270' title='bbox 1253 2081 1403 2125; x_wconf 86' lang='lat' dir='ltr'>aliquod</span> <span class='ocrx_word' id='word_1_271' title='bbox 1424 2095 1450 2114; x_wconf 86' lang='grc' dir='ltr'><em>ω</em></span> <span class='ocrx_word' id='word_1_272' title='bbox 1467 2081 1472 2127; x_wconf 84' lang='grc'>1</span> 
     </span>
     <span class='ocr_line' id='line_1_35' title="bbox 139 2128 1474 2174; baseline -0.001 -11"><span class='ocrx_word' id='word_1_273' title='bbox 139 2129 259 2173; x_wconf 85' lang='lat' dir='ltr'>pactis</span> <span class='ocrx_word' id='word_1_274' title='bbox 274 2129 335 2163; x_wconf 77' lang='lat' dir='ltr'>Gr.</span> <span class='ocrx_word' id='word_1_275' title='bbox 353 2130 355 2174; x_wconf 60' lang='grc'>1</span> <span class='ocrx_word' id='word_1_276' title='bbox 369 2130 524 2174; x_wconf 69' lang='lat' dir='ltr'>op&lt;sp)idi</span> <span class='ocrx_word' id='word_1_277' title='bbox 540 2143 565 2162; x_wconf 88' lang='grc' dir='ltr'><em>ω</em></span> <span class='ocrx_word' id='word_1_278' title='bbox 580 2140 667 2163; x_wconf 70' lang='lat' dir='ltr'>corr.</span> <span class='ocrx_word' id='word_1_279' title='bbox 680 2130 913 2171; x_wconf 50' lang='lat' dir='ltr'>Lambeciuae</span> <span class='ocrx_word' id='word_1_280' title='bbox 928 2130 1020 2163; x_wconf 70' lang='lat' dir='ltr'>idem</span> <span class='ocrx_word' id='word_1_281' title='bbox 1032 2140 1096 2163; x_wconf 75' lang='lat' dir='ltr'>scr.</span> <span class='ocrx_word' id='word_1_282' title='bbox 1113 2139 1156 2162; x_wconf 87' lang='lat' dir='ltr'>ex</span> <span class='ocrx_word' id='word_1_283' title='bbox 1171 2129 1300 2162; x_wconf 80' lang='lat' dir='ltr'>castris</span> <span class='ocrx_word' id='word_1_284' title='bbox 1311 2128 1322 2173; x_wconf 57' lang='grc'>[1</span> <span class='ocrx_word' id='word_1_285' title='bbox 1334 2133 1373 2161; x_wconf 90' lang='grc'>11</span> <span class='ocrx_word' id='word_1_286' title='bbox 1391 2128 1474 2161; x_wconf 90' lang='lat' dir='ltr'>sub-</span> 
     </span>
     <span class='ocr_line' id='line_1_36' title="bbox 142 2174 1475 2220; baseline -0.001 -12"><span class='ocrx_word' id='word_1_287' title='bbox 142 2175 221 2209; x_wconf 85' lang='lat' dir='ltr'>dita</span> <span class='ocrx_word' id='word_1_288' title='bbox 249 2176 310 2210; x_wconf 69' lang='lat' dir='ltr'>Gr.</span> <span class='ocrx_word' id='word_1_289' title='bbox 346 2176 412 2209; x_wconf 86' lang='lat' dir='ltr'>sub</span> <span class='ocrx_word' id='word_1_290' title='bbox 438 2176 517 2209; x_wconf 86' lang='lat' dir='ltr'>uita</span> <span class='ocrx_word' id='word_1_291' title='bbox 544 2176 658 2220; x_wconf 86' lang='lat' dir='ltr'>(uitae</span> <span class='ocrx_word' id='word_1_292' title='bbox 683 2180 725 2220; x_wconf 82' lang='lat' dir='ltr'>R)</span> <span class='ocrx_word' id='word_1_293' title='bbox 753 2189 778 2209; x_wconf 89' lang='grc' dir='ltr'><em>ω</em></span> <span class='ocrx_word' id='word_1_294' title='bbox 806 2175 1000 2209; x_wconf 87' lang='lat' dir='ltr'>subiuncta</span> <span class='ocrx_word' id='word_1_295' title='bbox 1023 2187 1043 2212; x_wconf 87' lang='grc' dir='ltr'>ς</span> <span class='ocrx_word' id='word_1_296' title='bbox 1063 2177 1073 2219; x_wconf 84' lang='grc'>11</span> <span class='ocrx_word' id='word_1_297' title='bbox 1096 2179 1137 2209; x_wconf 85' lang='grc'>19</span> <span class='ocrx_word' id='word_1_298' title='bbox 1163 2174 1269 2218; x_wconf 84' lang='lat' dir='ltr'>quasi</span> <span class='ocrx_word' id='word_1_299' title='bbox 1293 2174 1475 2208; x_wconf 85' lang='lat' dir='ltr'>rationem</span> 
     </span>
     <span class='ocr_line' id='line_1_37' title="bbox 141 2221 1475 2268; baseline -0.001 -13"><span class='ocrx_word' id='word_1_300' title='bbox 141 2223 241 2265; x_wconf 82' lang='lat' dir='ltr'>(rac.)</span> <span class='ocrx_word' id='word_1_301' title='bbox 264 2235 290 2255; x_wconf 92' lang='grc' dir='ltr'><em>ω</em></span> <span class='ocrx_word' id='word_1_302' title='bbox 316 2233 404 2256; x_wconf 74' lang='lat' dir='ltr'>corr.</span> <span class='ocrx_word' id='word_1_303' title='bbox 427 2233 446 2259; x_wconf 87' lang='grc' dir='ltr'>ς</span> <span class='ocrx_word' id='word_1_304' title='bbox 466 2224 476 2265; x_wconf 82' lang='grc' dir='ltr'>ΙΙ</span> <span class='ocrx_word' id='word_1_305' title='bbox 497 2226 540 2255; x_wconf 88' lang='grc'><strong>20</strong></span> <span class='ocrx_word' id='word_1_306' title='bbox 567 2223 665 2268; x_wconf 88' lang='lat' dir='ltr'>cum]</span> <span class='ocrx_word' id='word_1_307' title='bbox 692 2222 790 2265; x_wconf 87' lang='lat' dir='ltr'>quod</span> <span class='ocrx_word' id='word_1_308' title='bbox 811 2233 832 2259; x_wconf 83' lang='grc' dir='ltr'>ς</span> <span class='ocrx_word' id='word_1_309' title='bbox 851 2224 862 2267; x_wconf 77' lang='grc' dir='ltr'>Η</span> <span class='ocrx_word' id='word_1_310' title='bbox 882 2226 924 2255; x_wconf 89' lang='grc'>21</span> <span class='ocrx_word' id='word_1_311' title='bbox 952 2222 1162 2256; x_wconf 83' lang='grc'><strong>311(11111111118</strong></span> <span class='ocrx_word' id='word_1_312' title='bbox 1182 2233 1202 2258; x_wconf 79' lang='grc' dir='ltr'><strong>ς</strong></span> <span class='ocrx_word' id='word_1_313' title='bbox 1222 2223 1233 2265; x_wconf 88' lang='grc' dir='ltr'>ΙΙ</span> <span class='ocrx_word' id='word_1_314' title='bbox 1253 2225 1295 2255; x_wconf 85' lang='grc'>23</span> <span class='ocrx_word' id='word_1_315' title='bbox 1322 2221 1408 2254; x_wconf 89' lang='lat' dir='ltr'>inde</span> <span class='ocrx_word' id='word_1_316' title='bbox 1433 2222 1475 2254; x_wconf 87' lang='lat' dir='ltr'>ut</span> 
     </span>
     <span class='ocr_line' id='line_1_38' title="bbox 140 2268 1475 2314; baseline -0.002 -11"><span class='ocrx_word' id='word_1_317' title='bbox 140 2269 216 2303; x_wconf 85' lang='lat' dir='ltr'>iam</span> <span class='ocrx_word' id='word_1_318' title='bbox 230 2268 303 2302; x_wconf 84' lang='lat' dir='ltr'>iam</span> <span class='ocrx_word' id='word_1_319' title='bbox 320 2269 386 2312; x_wconf 65' lang='lat' dir='ltr'>(uti</span> <span class='ocrx_word' id='word_1_320' title='bbox 398 2270 525 2314; x_wconf 58' lang='lat' dir='ltr'>[ssssssss</span> <span class='ocrx_word' id='word_1_321' title='bbox 533 2270 571 2312; x_wconf 85' lang='lat' dir='ltr'>P)</span> <span class='ocrx_word' id='word_1_322' title='bbox 588 2282 613 2302; x_wconf 89' lang='grc' dir='ltr'>ω</span> <span class='ocrx_word' id='word_1_323' title='bbox 628 2280 716 2303; x_wconf 70' lang='lat' dir='ltr'>corr.</span> <span class='ocrx_word' id='word_1_324' title='bbox 731 2281 749 2305; x_wconf 86' lang='grc' dir='ltr'>ς</span> <span class='ocrx_word' id='word_1_325' title='bbox 762 2269 772 2313; x_wconf 68' lang='grc' dir='ltr'>Η</span> <span class='ocrx_word' id='word_1_326' title='bbox 784 2272 826 2302; x_wconf 87' lang='grc'>26</span> <span class='ocrx_word' id='word_1_327' title='bbox 841 2268 957 2312; x_wconf 79' lang='lat' dir='ltr'>igitur</span> <span class='ocrx_word' id='word_1_328' title='bbox 974 2269 1035 2302; x_wconf 75' lang='lat' dir='ltr'>Gr.</span> <span class='ocrx_word' id='word_1_329' title='bbox 1049 2268 1184 2302; x_wconf 85' lang='lat' dir='ltr'>dicitur</span> <span class='ocrx_word' id='word_1_330' title='bbox 1199 2281 1224 2301; x_wconf 88' lang='grc' dir='ltr'>ω</span> <span class='ocrx_word' id='word_1_331' title='bbox 1236 2268 1247 2313; x_wconf 67' lang='grc' dir='ltr'><em>Η</em></span> <span class='ocrx_word' id='word_1_332' title='bbox 1258 2271 1300 2301; x_wconf 86' lang='grc'>29</span> <span class='ocrx_word' id='word_1_333' title='bbox 1316 2269 1436 2313; x_wconf 66' lang='lat' dir='ltr'>cetum</span> <span class='ocrx_word' id='word_1_334' title='bbox 1449 2271 1475 2299; x_wconf 86' lang='lat' dir='ltr'>P</span> 
     </span>
    </p>
   </div>
  </div>
 </body>
</html>
