1617 2484
652 62 924 97 PRAEFATIO
1378 61 1457 95 XIII

110 179 245 215 statim
285 189 406 225 usque
446 176 494 213 ad
534 176 625 212 XIII
655 176 692 223 5,
731 175 796 213 sed
834 175 985 212 omissis
1019 174 1114 210 XIII
1146 176 1255 210 1—4
1296 174 1455 211 turbato

110 236 244 274 ordine
289 235 402 273 hodie
444 235 649 272 schedulae
688 234 830 271 codicis
869 234 960 270 bibl.
1000 233 1106 270 acad.
1147 233 1454 270 Rheno-Traiec-

110 295 217 332 tinae
249 294 376 332 notati
408 293 555 330 Acvum
589 296 703 330 vetus.
760 294 969 340 Scriptores
991 293 1130 339 yraeci.
1180 292 1253 329 No.
1280 294 1336 329 26
1366 306 1455 340 sup-

113 354 301 403 peditant.

201 412 344 449 Omnes
383 412 423 448 hi
461 412 609 449 codices
642 415 797 459 praeter
829 406 861 452 Q
896 410 1011 447 verba
1044 410 1191 447 Graeca
1224 416 1287 446 aut
1325 412 1456 446 omnia

113 473 182 509 aut
224 472 395 520 plurima
433 470 615 508 exhibent
653 483 729 507 non
768 470 885 507 semel
924 470 1067 506 litten's
1106 469 1259 506 Latinis
1298 470 1454 517 scripta.

201 529 454 580 Singularum
498 542 589 567 vero
633 530 815 566 classium
859 530 962 565 inter
1002 541 1042 565 se
1080 529 1351 577 cognationem
1392 528 1453 564 de-

115 591 336 627 monstrant
381 590 582 626 sexcentae
626 589 812 625 lectiones
857 587 1133 625 concordantes
1179 589 1218 624 et
1254 590 1383 624 rectae
1418 593 1456 624 et

112 661 328 697 perversae,
361 650 405 684 ut
430 647 485 684 IX
508 648 543 694 3,
566 649 588 683 4
616 647 814 684 scribenda
847 648 884 693 4,
907 648 928 682 6
951 647 1213 693 prosprofium
1232 649 1331 691 petet
1359 647 1456 682 ‹mii-

113 708 344 754 spectanda,
374 706 478 743 Μῖνα
497 718 570 753 per
596 707 724 743 aboris
750 708 873 743 sewen?
906 707 941 751 6,
965 707 986 741 3
1013 706 1143 751 jactito
1177 706 1213 751 9,
1238 706 1288 741 15
1313 705 1456 752 (sonde—

112 767 175 803 bat
205 766 239 803 X
264 768 298 811 1,
325 767 348 802 3
380 766 418 803 C.
445 766 624 802 Blariwm
658 766 680 801 6
708 765 867 801 uerbum
902 766 921 800 7
954 776 1068 809 usquc
1094 765 1249 800 tercium
1283 766 1319 810 2,
1346 766 1367 800 2
1396 776 1456 799 eos

113 826 149 872 3,
175 826 198 862 3
218 825 383 872 paulu&
413 824 603 861 ealenilibi
637 827 660 858 8
689 824 992 869 circmnslectitm·
1025 825 1047 859 9
1076 823 1165 859 (livit,
1190 835 1264 859 om.
1305 824 1352 859 13
1380 822 1455 859 leo-

113 896 251 921 manus
276 896 368 932 om.3
388 884 590 930 provincia
609 895 683 930 per
719 884 783 925 14,
806 884 828 919 3
857 883 1070 919 «encastum
1107 882 1171 928 16,
1196 883 1247 918 14
1276 892 1363 918 eruc
1383 881 1456 917 alle

115 945 179 990 17,
210 944 234 979 4
267 942 441 980 civilibus
481 944 546 988 24,
578 943 600 979 6
636 943 836 979 exercitum
868 944 920 977 est
951 941 1015 987 qui
1047 941 1094 977 al.
1163 940 1373 977 Exciderat
1416 942 1455 978 in

115 1003 248 1050 stirpis
276 1001 307 1038 ό
331 1003 494 1050 parente
520 1000 670 1048 folium,
696 1002 759 1038 cui
784 1002 940 1037 inerant
964 999 1083 1036 verba
1108 999 1178 1036 XX
1204 1002 1237 1045 1,
1261 1000 1312 1036 39
1342 1001 1456 1035 restat

115 1082 164 1086 ——
207 1061 259 1097 53
300 1064 411 1107 atque
454 1060 674 1098 desiderata
717 1060 795 1096 iam
834 1060 873 1096 in
913 1054 999 1106 QZ,
1043 1059 1300 1107 praeterierat
1338 1071 1453 1095 unam

110 1121 296 1170 paginam
341 1120 402 1156 vel
445 1120 612 1169 paginae
655 1118 869 1167 bipartitae
911 1120 1064 1166 partem
1108 1117 1310 1154 dimidiam
1347 1117 1454 1154 illius

111 1179 254 1225 scriba,
293 1190 370 1226 quo
408 1178 556 1215 factum
595 1179 669 1223 est,
708 1179 753 1214 ut
790 1189 867 1214 non
904 1178 982 1213 iam
1021 1178 1173 1213 exstent
1204 1176 1274 1212 XX
1303 1176 1339 1223 6,
1367 1178 1389 1213 2
1424 1179 1455 1213 ct

109 1239 219 1275 habet
239 1259 292 1262 —<
318 1238 338 1273 7
366 1238 543 1274 misertus
569 1239 631 1283 est,
664 1236 903 1283 eandemque
935 1235 982 1272 ob
1010 1247 1165 1272 causam
1191 1236 1232 1271 in
1259 1235 1454 1272 codicibus

111 1297 298 1336 derivatis
335 1295 481 1333 ibidem
513 1296 653 1333 desunt
694 1297 746 1331 10
779 1296 959 1332 'inusitate
984 1315 1040 1319 ——
1069 1296 1120 1331 12
1149 1295 1373 1337 auctoritas,
1413 1297 1455 1330 ut

110 1355 145 1392 X
167 1356 203 1402 3,
226 1356 249 1392 3
277 1355 396 1393 verba
421 1354 511 1392 inde
535 1367 557 1391 a
580 1354 713 1392 Caleni
743 1356 807 1400 12,
830 1354 852 1389 5
875 1365 919 1390 ex
942 1374 990 1378 ——
1015 1353 1314 1390 elemmwleontia
1342 1357 1381 1389 et
1401 1354 1454 1389 sic

111 1427 235 1462 saepe.
292 1414 444 1451 Neutra
474 1426 565 1451 vero
598 1414 751 1450 familia
782 1425 851 1461 per
877 1425 916 1449 se
942 1411 1206 1460 principatum
1232 1415 1357 1459 tenet,
1389 1412 1454 1449 sed

109 1474 224 1511 modo
256 1473 351 1510 haec
383 1472 596 1523 genuinum
627 1473 816 1519 servavit,
854 1471 967 1508 modo
1002 1471 1083 1507 issa.
1146 1470 1228 1517 Sic,
1260 1474 1304 1507 ut
1334 1484 1454 1507 unum

111 1534 229 1581 caput
255 1532 426 1578 afferam,
452 1531 565 1568 XVII
587 1533 609 1568 2
638 1532 808 1579 septiens
835 1530 968 1578 stirpis
988 1541 1015 1579 γ
1040 1529 1226 1567 lectiones
1254 1522 1453 1578 amplexus

110 1604 196 1629 sum
227 1591 469 1639 totidemque
501 1593 603 1628 certe
635 1590 730 1628 locis
761 1589 992 1638 improbavi.
1051 1588 1190 1636 Itaque
1221 1600 1454 1636 unoquoque

109 1651 194 1687 loco
231 1663 272 1687 re
312 1652 350 1687 et
381 1650 533 1686 ratione
566 1649 740 1687 codicum
774 1649 986 1686 auctoritas
1020 1647 1276 1684 examinanda
1309 1649 1347 1684 et
1379 1647 1453 1683 ful-

111 1709 248 1746 cienda
286 1710 353 1746 est.
416 1707 539 1745 Paulo
577 1710 709 1745 tamen
748 1720 825 1744 non
863 1707 976 1744 modo
1015 1707 1230 1743 numeratis
1263 1706 1329 1743 sed
1359 1718 1453 1754 pon-

110 1767 256 1805 deratis
288 1767 520 1805 lectionibus
554 1767 749 1804 antecedit
780 1766 933 1803 familia
959 1764 990 1802 d
1020 1766 1138 1813 inque
1168 1765 1239 1802 hac
1266 1764 1383 1801 codex
1410 1760 1454 1811 Q,

109 1829 154 1863 ut
184 1827 279 1873 X3,
303 1828 354 1864 13
388 1825 485 1862 XIII
507 1827 647 1872 21,15
678 1825 769 1862 ΧΠ
789 1828 860 1871 1,;
850 1825 941 1872 >36
959 1827 977 1860 1
1012 1824 1274 1871 XV14,1,5,
1291 1825 1313 1860 3
1342 1823 1453 1860 XVII

112 1887 231 1932 8,10
269 1884 403 1938 XVIII
431 1886 467 1932 5,
498 1886 548 1921 12
588 1884 657 1921 XX
689 1885 939 1931 1,16;8,7
963 1883 1024 1929 al.,
1056 1882 1180 1919 bonae
1212 1885 1251 1919 et
1282 1884 1453 1919 sincerae

110 1915 319 1981 niemoriae
357 1944 486 1990 testis,
525 1944 604 1991 cui,
641 1943 709 1980 ubi
742 1943 879 1980 electio
911 1941 1035 1979 libera
1067 1943 1168 1987 erat,
1207 1942 1360 1990 saepius
1392 1954 1453 1978 me

109 2003 319 2052 applicavi.
383 2002 457 2039 Sed
489 2015 536 2040 ne
567 1997 599 2039 B
633 2002 790 2049 quidem
822 2013 892 2038 nec
920 1996 947 2037 Z
980 2013 1049 2038 sua
1081 2001 1214 2049 palma
1245 2000 1453 2037 fraudandi

111 2063 203 2100 sunt
239 2074 364 2110 neque
397 2061 558 2098 alterius
590 2060 765 2097 familiae
797 2059 905 2107 libri,
943 2060 1009 2097 sed
1039 2072 1087 2097 ne
1119 2060 1289 2097 numeris
1320 2059 1453 2095 ludere

110 2121 261 2167 videar,
300 2133 387 2158 cum
426 2120 557 2167 facile,
595 2121 712 2167 prout
746 2121 885 2167 cuique
916 2118 1037 2156 libido
1071 2120 1145 2165 est,
1185 2131 1228 2155 ex
1261 2120 1452 2166 apparatu

111 2180 245 2217 critico
283 2179 515 2216 documenta
553 2179 647 2216 satis
679 2179 806 2215 multa
837 2189 1065 2215 coacervare
1096 2177 1238 2226 possit,
1276 2176 1370 2214 satis
1402 2178 1453 2214 sit

111 2240 318 2276 annotasse
350 2238 458 2275 nullo
491 2250 623 2275 eorum
655 2237 771 2274 facile
803 2237 926 2274 careri
956 2248 1079 2284 posse.

200 2295 384 2334 Codicum
427 2297 566 2333 horum
610 2297 782 2344 quinque
827 2295 1149 2343 subscriptionem
1187 2293 1376 2343 praebent
1412 2294 1452 2330 in
