1618 2449
140 54 223 87 VIII
672 52 940 87 PRAEFATIO

136 177 223 202 rum
248 159 311 216 (ex
338 160 535 215 tilaormn)
564 167 673 201 ercmt
695 165 754 201 hic
781 165 933 209 infinita
959 165 1072 201 etiam
1093 160 1280 215 (freteval)
1333 164 1473 209 Quam-

136 236 254 272 quam
285 236 344 261 res
376 225 434 260 ita
466 236 504 260 se
536 223 666 269 habet,
697 225 828 259 tamen
854 217 891 259 R
917 235 993 260 non
1019 236 1170 272 semper
1194 224 1378 274 indignus
1405 226 1474 271 est,

136 284 204 330 qui
242 283 290 320 ad
322 283 438 320 crisin
470 281 729 319 factitandam
761 281 1009 329 adhibeatur,
1046 284 1091 319 ut
1122 283 1141 319 Ι
1170 285 1233 329 11,
1262 284 1304 330 8,
1340 284 1404 330 14,
1434 286 1474 331 1,

139 342 203 387 15,
232 343 254 378 3
288 341 327 377 Π
357 342 421 387 13,
451 343 491 388 1,
521 342 585 387 22,
608 341 662 377 30
694 340 812 386 1112,
836 341 906 388 13,
936 341 1000 387 16,
1023 342 1074 378 23
1108 341 1163 377 IV
1187 344 1251 388 12,
1273 343 1316 389 3,
1346 343 1409 388 14,
1432 344 1474 390 2,

139 400 203 446 16,
219 402 242 437 3
264 400 299 435 V
316 402 351 447 2,
370 402 411 447 2,
433 400 470 446 8,
487 400 529 447 4,
553 401 617 446 10,
635 402 705 447 11,
728 401 793 445 21,
812 400 861 436 17
879 399 926 436 al.
971 399 1110 448 Itaque
1131 402 1309 448 quamvis
1329 401 1473 438 multas

135 459 216 496 eius
254 456 438 496 lectiones
477 459 691 504 omiserim,
728 459 860 495 tamen
897 458 1020 495 malui
1055 460 1206 507 copiam
1239 472 1356 507 quam
1389 473 1474 508 ege-

135 518 276 554 statem
308 518 534 565 vituperari.

223 576 306 613 Hoc
339 576 467 613 codice
500 577 657 613 interim
690 576 841 613 abiecto
874 577 906 613 si
938 576 987 613 ad
1019 577 1115 614 alios
1144 576 1316 614 eiusdem
1341 578 1474 626 stirpis

134 634 253 672 libros
280 635 409 672 oculos
436 634 638 682 flectimus,
665 636 767 672 certe
794 636 918 673 maius
943 637 1113 683 pretium
1139 635 1262 673 codici
1282 636 1473 673 Vaticano

133 694 246 739 inest,
278 695 346 741 qui
377 694 588 731 maximam
614 694 705 730 libri
730 693 806 730 VH
832 696 984 742 partem
1010 694 1113 731 solus
1138 694 1277 742 tradit,
1309 695 1357 732 iis
1383 708 1474 732 vero

134 753 173 788 in
217 752 344 798 libris,
389 752 456 789 ubi
499 754 708 800 utrumque
750 765 940 790 arcessere
978 753 1088 801 licet,
1131 753 1335 801 paululum
1374 753 1475 790 cedit

134 812 369 848 auctoritate
403 811 526 849 codici
556 807 599 858 P,
637 814 681 848 ut
712 811 730 848 Ι
760 814 824 857 17,
853 814 894 859 2,
923 813 965 860 6,
995 813 1059 859 19,
1088 813 1129 859 7,
1158 812 1223 858 25,
1252 813 1274 848 5
1309 812 1347 848 Π
1370 814 1405 858 2,
1432 815 1473 860 9,

137 871 201 915 12,
230 871 543 918 4316,3322,
573 872 624 907 19
657 870 717 907 ΠΙ
743 872 851 919 4,13
886 871 992 919 7,8;
1027 872 1069 919 9,
1105 871 1473 918 163173183193

135 928 171 975 8,
188 929 231 977 8,
255 930 318 975 16,
337 932 378 976 1,
402 931 465 975 19,
483 931 505 966 2
533 929 589 965 IV
607 932 641 976 1,
659 931 712 967 20
737 929 773 965 V
791 932 943 976 11,12;
965 931 1094 976 14,11
1114 930 1175 976 aL,
1201 931 1360 978 superat
1387 943 1474 967 eum

132 988 264 1025 tamen
301 989 342 1024 in
381 987 548 1026 Graecis.
610 989 712 1025 Nam
748 988 916 1025 Graecae
954 988 1111 1038 linguae
1150 990 1234 1035 aut,
1273 1001 1319 1025 ne
1358 990 1473 1026 nimis

133 1046 304 1093 laudem,
343 1046 579 1084 Graecarum
617 1047 839 1084 litterarum
876 1047 1036 1084 librario
1071 1047 1213 1085 codicis
1245 1041 1281 1083 R
1313 1049 1475 1095 peritior

133 1106 259 1142 scriba
290 1106 380 1142 libri
408 1101 439 1142 P
470 1108 603 1143 tamen
633 1106 723 1143 inde
756 1119 778 1142 a
804 1106 842 1142 H
864 1107 916 1143 23
950 1108 990 1143 in
1023 1107 1076 1144 eis
1108 1105 1311 1143 reddendis
1344 1106 1473 1143 taedio

132 1164 246 1201 facile
286 1166 422 1213 captus
461 1167 499 1202 et
537 1165 775 1215 defatigatus
812 1165 944 1202 labore
977 1165 1228 1214 depingendi,
1267 1177 1365 1212 quae
1397 1178 1470 1202 non

132 1223 403 1273 intellegebat,
444 1224 512 1261 ubi
548 1224 742 1273 longiores
780 1225 1034 1261 inveniuntur
1071 1224 1286 1261 sententiae
1324 1236 1473 1261 versus-

133 1294 219 1329 que,
250 1284 290 1319 in
323 1284 459 1331 primis
492 1283 634 1321 litteris
667 1283 854 1330 substitit,
886 1284 931 1320 ut
961 1284 1002 1319 in
1027 1283 1172 1320 talibus
1198 1282 1473 1319 recurrendum

132 1342 183 1378 Sit
219 1341 267 1378 ad
298 1341 442 1378 librum
474 1337 510 1378 V
543 1343 637 1380 satis
669 1344 801 1378 tamen
833 1343 871 1378 et
902 1343 1031 1390 ipsum
1063 1342 1254 1389 corruptis
1287 1342 1474 1378 confusis-

133 1412 207 1447 que
228 1400 354 1438 verbis
374 1400 594 1448 litterisque
616 1402 837 1438 scatentem.
883 1399 1055 1444 Quorum
1069 1412 1255 1449 magnum
1269 1413 1473 1437 numerum

133 1458 252 1496 editio
284 1458 497 1496 Hertziana
527 1460 705 1508 praebet,
736 1472 903 1508 parvum
934 1458 1113 1507 equidem
1144 1460 1310 1507 repetivi
1341 1460 1381 1495 in
1413 1459 1472 1496 his

132 1517 288 1555 lectoris
320 1518 441 1556 oculis
475 1520 513 1555 et
544 1519 711 1567 tempori
743 1530 914 1566 parcens.

219 1576 291 1614 His
323 1577 448 1615 tribus
481 1577 676 1615 codicibus
709 1590 753 1614 ex
779 1577 941 1615 adverso
967 1578 1047 1614 stat
1072 1577 1367 1624 antiquissimus
1393 1588 1472 1613 om-

132 1636 240 1672 nium
283 1635 397 1679 liber,
443 1637 550 1674 cuius
592 1636 695 1684 quod
732 1636 859 1673 lacera
896 1637 1052 1673 tantum
1090 1636 1310 1685 fragmenta
1348 1634 1473 1672 adhuc

132 1695 297 1741 exstant,
316 1707 552 1744 magnopere
573 1694 780 1732 dolendum
802 1697 868 1732 est.
913 1695 1016 1731 Nam
1030 1706 1269 1742 quamquam
1282 1695 1364 1742 ipse
1378 1695 1472 1732 satis

131 1753 382 1802 neglegenter
413 1755 592 1791 exaratus
626 1755 694 1802 est,
724 1766 802 1791 non
834 1753 947 1791 modo
979 1753 1182 1802 permultis
1214 1753 1308 1790 locis
1341 1764 1473 1790 eorum

132 1811 339 1849 lectionem
371 1812 626 1861 depravatam
658 1814 783 1859 sanat,
815 1812 975 1849 lacunas
1007 1812 1174 1860 supplet,
1205 1824 1387 1859 perversa
1414 1823 1472 1847 re-

132 1872 248 1917 secat,
280 1870 345 1908 sed
378 1872 498 1908 etiam
528 1872 673 1909 talibus
704 1872 812 1919 locis,
843 1871 911 1908 ubi
941 1883 1010 1920 per
1042 1883 1080 1908 se
1107 1870 1258 1907 nullum
1285 1871 1473 1919 appareat

132 1929 173 1964 in
195 1929 354 1966 illorum
374 1930 501 1968 verbis
521 1931 764 1978 corruptelae
783 1930 983 1977 indicium,
1009 1931 1159 1967 textum
1179 1929 1339 1977 praebet
1357 1928 1471 1977 longe

133 1987 346 2034 diversum,
382 1989 447 2025 sed
479 2001 591 2026 sensu
624 1991 663 2026 et
694 1989 821 2027 verbis
853 1990 910 2026 ita
940 1989 1224 2037 praestantem,
1256 1988 1300 2024 ut
1331 1987 1472 2024 clarior

230 2148 261 2189 1)
289 2146 389 2188 Quae
415 2147 589 2191 leguntur
609 2147 657 2181 ad
675 2147 691 2180 Ι
712 2151 742 2189 2,
763 2150 865 2189 8—3,
887 2150 906 2180 8
926 2146 965 2180 111
984 2146 1151 2191 margine
1171 2144 1360 2189 adscripta
1380 2146 1469 2179 mul-

134 2197 208 2228 tum
233 2194 289 2228 hic
315 2194 419 2235 deest,
444 2194 540 2238 quod
563 2205 687 2228 rasum
712 2195 785 2236 fuit
809 2194 903 2237 inde,
930 2205 1003 2228 non
1028 2193 1076 2227 ad
1098 2192 1208 2227 verba
1228 2191 1378 2233 Graeca,
1406 2192 1470 2225 sed

133 2240 181 2330 {gd
191 2240 555 2321 &affissaffstomnium
569 2241 699 2275 horum
713 2241 880 2274 codicum
895 2242 1060 2285 spectare
1074 2239 1217 2273 monuit
1229 2238 1339 2273 Hertz
1354 2238 1468 2283 praef.
