<?xml version="1.0" encoding="UTF-8"?>
<!DOCTYPE html PUBLIC "-//W3C//DTD XHTML 1.0 Transitional//EN"
    "http://www.w3.org/TR/xhtml1/DTD/xhtml1-transitional.dtd">
<html xmlns="http://www.w3.org/1999/xhtml" xml:lang="en" lang="en">
 <head>
  <title>
</title>
<meta http-equiv="Content-Type" content="text/html;charset=utf-8" />
  <meta name='ocr-system' content='tesseract 3.04.00' />
  <meta name='ocr-capabilities' content='ocr_page ocr_carea ocr_par ocr_line ocrx_word'/>
</head>
<body>
  <div class='ocr_page' id='page_1' title='image "./agelliinoctiumat01gelluoft_0420.png"; bbox 0 0 1611 2474; ppageno 0'>
   <div class='ocr_carea' id='block_1_1' title="bbox 159 63 877 106">
    <p class='ocr_par' dir='ltr' id='par_1_1' title="bbox 159 63 877 106">
     <span class='ocr_line' id='line_1_1' title="bbox 159 63 877 106; baseline -0.004 -1"><span class='ocrx_word' id='word_1_1' title='bbox 159 65 244 106; x_wconf 73' lang='lat'>352</span> <span class='ocrx_word' id='word_1_2' title='bbox 777 63 808 95; x_wconf 84' lang='lat' dir='ltr'>X</span> <span class='ocrx_word' id='word_1_3' title='bbox 836 67 877 96; x_wconf 76' lang='lat'>12</span> 
     </span>
    </p>
   </div>
   <div class='ocr_carea' id='block_1_2' title="bbox 109 169 1554 1872">
    <p class='ocr_par' dir='ltr' id='par_1_2' title="bbox 124 169 1549 696">
     <span class='ocr_line' id='line_1_2' title="bbox 160 169 1494 226; baseline -0.004 -12"><span class='ocrx_word' id='word_1_4' title='bbox 160 173 384 226; x_wconf 86' lang='lat' dir='ltr'>capiuntur</span> <span class='ocrx_word' id='word_1_5' title='bbox 422 176 462 213; x_wconf 90' lang='lat' dir='ltr'>et</span> <span class='ocrx_word' id='word_1_6' title='bbox 500 172 552 212; x_wconf 89' lang='lat' dir='ltr'>ad</span> <span class='ocrx_word' id='word_1_7' title='bbox 590 171 818 224; x_wconf 84' lang='lat' dir='ltr'>perniciem</span> <span class='ocrx_word' id='word_1_8' title='bbox 857 170 1079 211; x_wconf 85' lang='lat' dir='ltr'>elabuntur</span> <span class='ocrx_word' id='word_1_9' title='bbox 1114 169 1282 224; x_wconf 86' lang='lat' dir='ltr'>ingenia</span> <span class='ocrx_word' id='word_1_10' title='bbox 1314 170 1494 210; x_wconf 78' lang='lat' dir='ltr'>maxime</span> 
     </span>
     <span class='ocr_line' id='line_1_3' title="bbox 160 228 1495 284; baseline -0.002 -12"><span class='ocrx_word' id='word_1_11' title='bbox 160 232 347 273; x_wconf 80' lang='lat' dir='ltr'>sollertia</span> <span class='ocrx_word' id='word_1_12' title='bbox 391 245 521 284; x_wconf 89' lang='lat' dir='ltr'>eaque</span> <span class='ocrx_word' id='word_1_13' title='bbox 566 230 853 283; x_wconf 76' lang='lat' dir='ltr'>potissimum,</span> <span class='ocrx_word' id='word_1_14' title='bbox 900 243 1006 281; x_wconf 87' lang='lat' dir='ltr'>quae</span> <span class='ocrx_word' id='word_1_15' title='bbox 1050 228 1236 269; x_wconf 87' lang='lat' dir='ltr'>discendi</span> <span class='ocrx_word' id='word_1_16' title='bbox 1279 229 1495 281; x_wconf 82' lang='lat' dir='ltr'>cupidiora</span> 
     </span>
     <span class='ocr_line' id='line_1_4' title="bbox 124 286 1496 340; baseline -0.003 -9"><span class='ocrx_word' id='word_1_17' title='bbox 124 294 267 331; x_wconf 84' lang='lat' dir='ltr'>5sunt.</span> <span class='ocrx_word' id='word_1_18' title='bbox 332 289 412 330; x_wconf 82' lang='lat' dir='ltr'>Sed</span> <span class='ocrx_word' id='word_1_19' title='bbox 449 290 572 330; x_wconf 87' lang='lat' dir='ltr'>redeo</span> <span class='ocrx_word' id='word_1_20' title='bbox 611 289 662 328; x_wconf 88' lang='lat' dir='ltr'>ad</span> <span class='ocrx_word' id='word_1_21' title='bbox 694 288 926 328; x_wconf 86' lang='lat' dir='ltr'>Plinium.</span> <span class='ocrx_word' id='word_1_22' title='bbox 990 286 1216 328; x_wconf 70' lang='lat' dir='ltr'>Sinistrum</span> <span class='ocrx_word' id='word_1_23' title='bbox 1255 287 1403 340; x_wconf 87' lang='lat' dir='ltr'>pedem</span> <span class='ocrx_word' id='word_1_24' title='bbox 1436 288 1496 327; x_wconf 89' lang='lat' dir='ltr'>ait</span> 
     </span>
     <span class='ocr_line' id='line_1_5' title="bbox 161 346 1496 401; baseline -0.002 -12"><span class='ocrx_word' id='word_1_25' title='bbox 161 349 488 390; x_wconf 73' lang='lat' dir='ltr'>chamaeleontis</span> <span class='ocrx_word' id='word_1_26' title='bbox 513 348 624 388; x_wconf 85' lang='lat' dir='ltr'>ferro</span> <span class='ocrx_word' id='word_1_27' title='bbox 651 362 702 387; x_wconf 81' lang='lat' dir='ltr'>ex</span> <span class='ocrx_word' id='word_1_28' title='bbox 728 347 818 401; x_wconf 84' lang='lat' dir='ltr'>igni</span> <span class='ocrx_word' id='word_1_29' title='bbox 844 346 1045 387; x_wconf 84' lang='lat' dir='ltr'>calefacto</span> <span class='ocrx_word' id='word_1_30' title='bbox 1069 346 1219 386; x_wconf 87' lang='lat' dir='ltr'>torreri</span> <span class='ocrx_word' id='word_1_31' title='bbox 1240 359 1335 386; x_wconf 89' lang='lat' dir='ltr'>cum</span> <span class='ocrx_word' id='word_1_32' title='bbox 1354 346 1496 399; x_wconf 78' lang='lat' dir='ltr'>herba,</span> 
     </span>
     <span class='ocr_line' id='line_1_6' title="bbox 161 404 1549 462; baseline -0.001 -14"><span class='ocrx_word' id='word_1_33' title='bbox 161 423 266 462; x_wconf 89' lang='lat' dir='ltr'>quae</span> <span class='ocrx_word' id='word_1_34' title='bbox 293 408 530 460; x_wconf 87' lang='lat' dir='ltr'>appellatur</span> <span class='ocrx_word' id='word_1_35' title='bbox 556 405 702 447; x_wconf 91' lang='lat' dir='ltr'>eodem</span> <span class='ocrx_word' id='word_1_36' title='bbox 721 405 892 447; x_wconf 86' lang='lat' dir='ltr'>nomine</span> <span class='ocrx_word' id='word_1_37' title='bbox 913 404 1252 457; x_wconf 67' lang='lat' dir='ltr'>chamaeleontis,</span> <span class='ocrx_word' id='word_1_38' title='bbox 1278 407 1319 445; x_wconf 89' lang='lat' dir='ltr'>et</span> <span class='ocrx_word' id='word_1_39' title='bbox 1338 407 1497 445; x_wconf 86' lang='lat' dir='ltr'>utrum-</span> <span class='ocrx_word' id='word_1_40' title='bbox 1534 421 1549 446; x_wconf 87' lang='lat'>5</span> 
     </span>
     <span class='ocr_line' id='line_1_7' title="bbox 162 463 1497 519; baseline -0.003 -12"><span class='ocrx_word' id='word_1_41' title='bbox 162 481 241 519; x_wconf 88' lang='lat' dir='ltr'>que</span> <span class='ocrx_word' id='word_1_42' title='bbox 279 466 481 507; x_wconf 87' lang='lat' dir='ltr'>macerari</span> <span class='ocrx_word' id='word_1_43' title='bbox 518 467 736 519; x_wconf 89' lang='lat' dir='ltr'>unguento</span> <span class='ocrx_word' id='word_1_44' title='bbox 776 464 1017 518; x_wconf 81' lang='lat' dir='ltr'>conligique</span> <span class='ocrx_word' id='word_1_45' title='bbox 1055 464 1096 503; x_wconf 89' lang='lat' dir='ltr'>in</span> <span class='ocrx_word' id='word_1_46' title='bbox 1133 464 1304 504; x_wconf 88' lang='lat' dir='ltr'>modum</span> <span class='ocrx_word' id='word_1_47' title='bbox 1337 463 1497 517; x_wconf 80' lang='lat' dir='ltr'>pastilli</span> 
     </span>
     <span class='ocr_line' id='line_1_8' title="bbox 162 521 1497 577; baseline -0.002 -12"><span class='ocrx_word' id='word_1_48' title='bbox 162 528 286 577; x_wconf 86' lang='lat' dir='ltr'>atque</span> <span class='ocrx_word' id='word_1_49' title='bbox 324 525 367 565; x_wconf 88' lang='lat' dir='ltr'>in</span> <span class='ocrx_word' id='word_1_50' title='bbox 401 539 475 566; x_wconf 83' lang='lat' dir='ltr'>vas</span> <span class='ocrx_word' id='word_1_51' title='bbox 507 524 620 564; x_wconf 86' lang='lat' dir='ltr'>mitti</span> <span class='ocrx_word' id='word_1_52' title='bbox 651 524 840 577; x_wconf 88' lang='lat' dir='ltr'>ligneum</span> <span class='ocrx_word' id='word_1_53' title='bbox 872 526 914 563; x_wconf 89' lang='lat' dir='ltr'>et</span> <span class='ocrx_word' id='word_1_54' title='bbox 946 537 1059 575; x_wconf 83' lang='lat' dir='ltr'>eum,</span> <span class='ocrx_word' id='word_1_55' title='bbox 1097 522 1170 575; x_wconf 87' lang='lat' dir='ltr'>qui</span> <span class='ocrx_word' id='word_1_56' title='bbox 1202 521 1244 562; x_wconf 88' lang='lat' dir='ltr'>id</span> <span class='ocrx_word' id='word_1_57' title='bbox 1274 537 1346 562; x_wconf 85' lang='lat' dir='ltr'>vas</span> <span class='ocrx_word' id='word_1_58' title='bbox 1379 523 1497 574; x_wconf 78' lang='lat' dir='ltr'>ferat,</span> 
     </span>
     <span class='ocr_line' id='line_1_9' title="bbox 162 581 1498 636; baseline -0.002 -12"><span class='ocrx_word' id='word_1_59' title='bbox 162 584 326 624; x_wconf 85' lang='lat' dir='ltr'>etiamsi</span> <span class='ocrx_word' id='word_1_60' title='bbox 370 584 405 624; x_wconf 89' lang='lat' dir='ltr'>is</span> <span class='ocrx_word' id='word_1_61' title='bbox 449 584 492 624; x_wconf 86' lang='lat' dir='ltr'>in</span> <span class='ocrx_word' id='word_1_62' title='bbox 536 583 674 623; x_wconf 87' lang='lat' dir='ltr'>medio</span> <span class='ocrx_word' id='word_1_63' title='bbox 719 583 858 636; x_wconf 90' lang='lat' dir='ltr'>palam</span> <span class='ocrx_word' id='word_1_64' title='bbox 901 584 1107 634; x_wconf 75' lang='lat' dir='ltr'>Versetur,</span> <span class='ocrx_word' id='word_1_65' title='bbox 1150 596 1173 621; x_wconf 89' lang='lat' dir='ltr'>a</span> <span class='ocrx_word' id='word_1_66' title='bbox 1211 581 1327 621; x_wconf 91' lang='lat' dir='ltr'>nullo</span> <span class='ocrx_word' id='word_1_67' title='bbox 1366 581 1498 621; x_wconf 85' lang='lat' dir='ltr'>videri</span> 
     </span>
     <span class='ocr_line' id='line_1_10' title="bbox 161 657 294 696; baseline -0.008 -13"><span class='ocrx_word' id='word_1_68' title='bbox 161 657 294 696; x_wconf 88' lang='lat' dir='ltr'>posse.</span> 
     </span>
    </p>

    <p class='ocr_par' dir='ltr' id='par_1_3' title="bbox 127 697 1551 814">
     <span class='ocr_line' id='line_1_11' title="bbox 127 697 1551 754; baseline 0 -14"><span class='ocrx_word' id='word_1_69' title='bbox 127 711 147 740; x_wconf 85' lang='grc'>6</span> <span class='ocrx_word' id='word_1_70' title='bbox 250 701 328 742; x_wconf 87' lang='lat' dir='ltr'>His</span> <span class='ocrx_word' id='word_1_71' title='bbox 362 700 569 754; x_wconf 87' lang='lat' dir='ltr'>portentis</span> <span class='ocrx_word' id='word_1_72' title='bbox 601 702 729 753; x_wconf 88' lang='lat' dir='ltr'>atque</span> <span class='ocrx_word' id='word_1_73' title='bbox 760 699 998 753; x_wconf 84' lang='lat' dir='ltr'>praestigiis</span> <span class='ocrx_word' id='word_1_74' title='bbox 1024 714 1047 739; x_wconf 89' lang='lat' dir='ltr'>a</span> <span class='ocrx_word' id='word_1_75' title='bbox 1073 698 1241 738; x_wconf 90' lang='lat' dir='ltr'>Plinio</span> <span class='ocrx_word' id='word_1_76' title='bbox 1270 697 1496 738; x_wconf 83' lang='lat' dir='ltr'>Secundo</span> <span class='ocrx_word' id='word_1_77' title='bbox 1518 715 1551 740; x_wconf 72' lang='grc' dir='ltr'>ιο</span> 
     </span>
     <span class='ocr_line' id='line_1_12' title="bbox 163 756 1498 814; baseline -0.003 -13"><span class='ocrx_word' id='word_1_78' title='bbox 163 761 330 814; x_wconf 88' lang='lat' dir='ltr'>scriptis</span> <span class='ocrx_word' id='word_1_79' title='bbox 362 774 447 800; x_wconf 88' lang='lat' dir='ltr'>non</span> <span class='ocrx_word' id='word_1_80' title='bbox 480 760 654 813; x_wconf 91' lang='lat' dir='ltr'>dignum</span> <span class='ocrx_word' id='word_1_81' title='bbox 687 773 775 799; x_wconf 83' lang='lat' dir='ltr'>esse</span> <span class='ocrx_word' id='word_1_82' title='bbox 808 772 1044 812; x_wconf 86' lang='lat' dir='ltr'>cognomen</span> <span class='ocrx_word' id='word_1_83' title='bbox 1071 756 1350 798; x_wconf 79' lang='lat' dir='ltr'>Democriti</span> <span class='ocrx_word' id='word_1_84' title='bbox 1376 760 1498 810; x_wconf 79' lang='lat' dir='ltr'>puto3</span> 
     </span>
    </p>

    <p class='ocr_par' dir='ltr' id='par_1_4' title="bbox 128 815 1551 1109">
     <span class='ocr_line' id='line_1_13' title="bbox 128 815 1497 871; baseline -0.002 -13"><span class='ocrx_word' id='word_1_85' title='bbox 128 820 230 860; x_wconf 71' lang='lat' dir='ltr'>‘ivel</span> <span class='ocrx_word' id='word_1_86' title='bbox 266 819 372 860; x_wconf 86' lang='lat' dir='ltr'>illud</span> <span class='ocrx_word' id='word_1_87' title='bbox 411 819 533 871; x_wconf 86' lang='lat' dir='ltr'>quale</span> <span class='ocrx_word' id='word_1_88' title='bbox 572 820 651 870; x_wconf 74' lang='lat' dir='ltr'>est,</span> <span class='ocrx_word' id='word_1_89' title='bbox 693 817 805 870; x_wconf 89' lang='lat' dir='ltr'>quod</span> <span class='ocrx_word' id='word_1_90' title='bbox 842 817 952 857; x_wconf 85' lang='lat' dir='ltr'>idem</span> <span class='ocrx_word' id='word_1_91' title='bbox 990 815 1188 857; x_wconf 89' lang='lat' dir='ltr'>Plinius</span> <span class='ocrx_word' id='word_1_92' title='bbox 1226 816 1270 856; x_wconf 90' lang='lat' dir='ltr'>in</span> <span class='ocrx_word' id='word_1_93' title='bbox 1307 816 1497 856; x_wconf 85' lang='lat' dir='ltr'>decimo</span> 
     </span>
     <span class='ocr_line' id='line_1_14' title="bbox 161 874 1499 930; baseline -0.004 -11"><span class='ocrx_word' id='word_1_94' title='bbox 161 879 294 919; x_wconf 91' lang='lat' dir='ltr'>libro</span> <span class='ocrx_word' id='word_1_95' title='bbox 330 878 398 929; x_wconf 84' lang='lat' dir='ltr'>(X</span> <span class='ocrx_word' id='word_1_96' title='bbox 421 877 616 930; x_wconf 71' lang='grc'>49,137)</span> <span class='ocrx_word' id='word_1_97' title='bbox 647 876 991 917; x_wconf 85' lang='lat' dir='ltr'>Democritum</span> <span class='ocrx_word' id='word_1_98' title='bbox 1030 875 1245 928; x_wconf 83' lang='lat' dir='ltr'>scripsisse</span> <span class='ocrx_word' id='word_1_99' title='bbox 1283 874 1499 915; x_wconf 84' lang='lat' dir='ltr'>adseverat</span> 
     </span>
     <span class='ocr_line' id='line_1_15' title="bbox 162 933 1497 990; baseline -0.003 -13"><span class='ocrx_word' id='word_1_100' title='bbox 162 951 258 977; x_wconf 83' lang='lat' dir='ltr'>aves</span> <span class='ocrx_word' id='word_1_101' title='bbox 303 937 505 990; x_wconf 88' lang='lat' dir='ltr'>quasdam</span> <span class='ocrx_word' id='word_1_102' title='bbox 549 949 638 976; x_wconf 86' lang='lat' dir='ltr'>esse</span> <span class='ocrx_word' id='word_1_103' title='bbox 682 935 805 976; x_wconf 88' lang='lat' dir='ltr'>certis</span> <span class='ocrx_word' id='word_1_104' title='bbox 842 934 1060 975; x_wconf 82' lang='lat' dir='ltr'>vocabulis</span> <span class='ocrx_word' id='word_1_105' title='bbox 1099 936 1140 974; x_wconf 91' lang='lat' dir='ltr'>et</span> <span class='ocrx_word' id='word_1_106' title='bbox 1177 948 1320 974; x_wconf 87' lang='lat' dir='ltr'>earum</span> <span class='ocrx_word' id='word_1_107' title='bbox 1358 933 1497 973; x_wconf 77' lang='lat' dir='ltr'>avium</span> 
     </span>
     <span class='ocr_line' id='line_1_16' title="bbox 163 992 1551 1049; baseline -0.001 -13"><span class='ocrx_word' id='word_1_108' title='bbox 163 996 338 1037; x_wconf 86' lang='lat' dir='ltr'>confuso</span> <span class='ocrx_word' id='word_1_109' title='bbox 387 995 590 1049; x_wconf 89' lang='lat' dir='ltr'>sanguine</span> <span class='ocrx_word' id='word_1_110' title='bbox 635 994 753 1049; x_wconf 84' lang='lat' dir='ltr'>gigni</span> <span class='ocrx_word' id='word_1_111' title='bbox 798 996 1051 1047; x_wconf 77' lang='lat' dir='ltr'>serpentem3</span> <span class='ocrx_word' id='word_1_112' title='bbox 1102 1007 1197 1033; x_wconf 90' lang='lat' dir='ltr'>eum</span> <span class='ocrx_word' id='word_1_113' title='bbox 1241 992 1314 1045; x_wconf 84' lang='lat' dir='ltr'>qui</span> <span class='ocrx_word' id='word_1_114' title='bbox 1357 992 1499 1044; x_wconf 82' lang='lat' dir='ltr'>ederit,</span> <span class='ocrx_word' id='word_1_115' title='bbox 1520 1008 1551 1034; x_wconf 84' lang='lat'>15</span> 
     </span>
     <span class='ocr_line' id='line_1_17' title="bbox 162 1053 1248 1109; baseline -0.004 -14"><span class='ocrx_word' id='word_1_116' title='bbox 162 1056 328 1109; x_wconf 84' lang='lat' dir='ltr'>linguas</span> <span class='ocrx_word' id='word_1_117' title='bbox 361 1055 502 1094; x_wconf 84' lang='lat' dir='ltr'>avium</span> <span class='ocrx_word' id='word_1_118' title='bbox 536 1056 576 1094; x_wconf 89' lang='lat' dir='ltr'>et</span> <span class='ocrx_word' id='word_1_119' title='bbox 609 1053 833 1105; x_wconf 86' lang='lat' dir='ltr'>conloquia</span> <span class='ocrx_word' id='word_1_120' title='bbox 864 1053 1248 1105; x_wconf 88' lang='lat' dir='ltr'>interpretaturum.</span> 
     </span>
    </p>

    <p class='ocr_par' dir='ltr' id='par_1_5' title="bbox 128 1109 1501 1282">
     <span class='ocr_line' id='line_1_18' title="bbox 128 1109 1499 1153; baseline -0.003 0"><span class='ocrx_word' id='word_1_121' title='bbox 128 1122 148 1152; x_wconf 82' lang='lat'>8</span> <span class='ocrx_word' id='word_1_122' title='bbox 252 1113 387 1153; x_wconf 87' lang='lat' dir='ltr'>Multa</span> <span class='ocrx_word' id='word_1_123' title='bbox 419 1115 559 1153; x_wconf 88' lang='lat' dir='ltr'>autem</span> <span class='ocrx_word' id='word_1_124' title='bbox 591 1112 788 1152; x_wconf 82' lang='lat' dir='ltr'>videntur</span> <span class='ocrx_word' id='word_1_125' title='bbox 818 1110 868 1151; x_wconf 91' lang='lat' dir='ltr'>ab</span> <span class='ocrx_word' id='word_1_126' title='bbox 898 1110 1142 1151; x_wconf 89' lang='lat' dir='ltr'>hominibus</span> <span class='ocrx_word' id='word_1_127' title='bbox 1168 1110 1260 1150; x_wconf 89' lang='lat' dir='ltr'>istis</span> <span class='ocrx_word' id='word_1_128' title='bbox 1285 1109 1394 1150; x_wconf 89' lang='lat' dir='ltr'>male</span> <span class='ocrx_word' id='word_1_129' title='bbox 1420 1109 1499 1149; x_wconf 88' lang='lat' dir='ltr'>sol-</span> 
     </span>
     <span class='ocr_line' id='line_1_19' title="bbox 163 1168 1501 1214; baseline -0.004 -1"><span class='ocrx_word' id='word_1_130' title='bbox 163 1172 339 1214; x_wconf 86' lang='lat' dir='ltr'>lertibus</span> <span class='ocrx_word' id='word_1_131' title='bbox 371 1171 663 1212; x_wconf 85' lang='lat' dir='ltr'>huiuscemodi</span> <span class='ocrx_word' id='word_1_132' title='bbox 696 1172 932 1211; x_wconf 89' lang='lat' dir='ltr'>commenta</span> <span class='ocrx_word' id='word_1_133' title='bbox 963 1170 1008 1210; x_wconf 89' lang='lat' dir='ltr'>in</span> <span class='ocrx_word' id='word_1_134' title='bbox 1035 1168 1315 1210; x_wconf 87' lang='lat' dir='ltr'>Democriti</span> <span class='ocrx_word' id='word_1_135' title='bbox 1346 1182 1501 1208; x_wconf 87' lang='lat' dir='ltr'>nomen</span> 
     </span>
     <span class='ocr_line' id='line_1_20' title="bbox 165 1226 1499 1282; baseline -0.004 -10"><span class='ocrx_word' id='word_1_136' title='bbox 165 1232 260 1272; x_wconf 89' lang='lat' dir='ltr'>data</span> <span class='ocrx_word' id='word_1_137' title='bbox 292 1230 527 1272; x_wconf 85' lang='lat' dir='ltr'>nobilitatis</span> <span class='ocrx_word' id='word_1_138' title='bbox 560 1228 907 1281; x_wconf 84' lang='lat' dir='ltr'>auctoritatisque</span> <span class='ocrx_word' id='word_1_139' title='bbox 936 1229 1024 1269; x_wconf 88' lang='lat' dir='ltr'>eius</span> <span class='ocrx_word' id='word_1_140' title='bbox 1051 1227 1244 1282; x_wconf 88' lang='lat' dir='ltr'>perfugio</span> <span class='ocrx_word' id='word_1_141' title='bbox 1271 1226 1499 1267; x_wconf 83' lang='lat' dir='ltr'>utentibus.</span> 
     </span>
    </p>

    <p class='ocr_par' dir='ltr' id='par_1_6' title="bbox 130 1287 1554 1754">
     <span class='ocr_line' id='line_1_21' title="bbox 130 1287 1553 1343; baseline -0.003 -14"><span class='ocrx_word' id='word_1_142' title='bbox 130 1299 149 1329; x_wconf 79' lang='lat'>9</span> <span class='ocrx_word' id='word_1_143' title='bbox 166 1290 247 1331; x_wconf 81' lang='lat' dir='ltr'>Sed</span> <span class='ocrx_word' id='word_1_144' title='bbox 272 1290 326 1343; x_wconf 83' lang='lat' dir='ltr'>id,</span> <span class='ocrx_word' id='word_1_145' title='bbox 357 1289 471 1343; x_wconf 88' lang='lat' dir='ltr'>quod</span> <span class='ocrx_word' id='word_1_146' title='bbox 496 1287 768 1342; x_wconf 75' lang='lat' dir='ltr'>Archytam</span> <span class='ocrx_word' id='word_1_147' title='bbox 794 1287 1190 1341; x_wconf 83' lang='lat' dir='ltr'>Pythagoricum</span> <span class='ocrx_word' id='word_1_148' title='bbox 1216 1288 1500 1327; x_wconf 89' lang='lat' dir='ltr'>commentum</span> <span class='ocrx_word' id='word_1_149' title='bbox 1521 1301 1553 1326; x_wconf 79' lang='lat'>20</span> 
     </span>
     <span class='ocr_line' id='line_1_22' title="bbox 166 1344 1500 1401; baseline -0.004 -11"><span class='ocrx_word' id='word_1_150' title='bbox 166 1364 254 1390; x_wconf 87' lang='lat' dir='ltr'>esse</span> <span class='ocrx_word' id='word_1_151' title='bbox 298 1351 423 1401; x_wconf 90' lang='lat' dir='ltr'>atque</span> <span class='ocrx_word' id='word_1_152' title='bbox 467 1348 616 1389; x_wconf 83' lang='lat' dir='ltr'>fecisse</span> <span class='ocrx_word' id='word_1_153' title='bbox 659 1347 856 1399; x_wconf 78' lang='lat' dir='ltr'>traditur,</span> <span class='ocrx_word' id='word_1_154' title='bbox 899 1360 1035 1399; x_wconf 87' lang='lat' dir='ltr'>neque</span> <span class='ocrx_word' id='word_1_155' title='bbox 1078 1346 1218 1386; x_wconf 89' lang='lat' dir='ltr'>minus</span> <span class='ocrx_word' id='word_1_156' title='bbox 1256 1344 1500 1385; x_wconf 84' lang='lat' dir='ltr'>admirabile</span> 
     </span>
     <span class='ocr_line' id='line_1_23' title="bbox 164 1402 1501 1461; baseline -0.004 -13"><span class='ocrx_word' id='word_1_157' title='bbox 164 1423 321 1461; x_wconf 88' lang='lat' dir='ltr'>neque·</span> <span class='ocrx_word' id='word_1_158' title='bbox 350 1411 493 1448; x_wconf 89' lang='lat' dir='ltr'>tamen</span> <span class='ocrx_word' id='word_1_159' title='bbox 541 1421 696 1447; x_wconf 88' lang='lat' dir='ltr'>vanum</span> <span class='ocrx_word' id='word_1_160' title='bbox 746 1420 877 1458; x_wconf 87' lang='lat' dir='ltr'>aeque</span> <span class='ocrx_word' id='word_1_161' title='bbox 923 1404 1055 1445; x_wconf 82' lang='lat' dir='ltr'>videri</span> <span class='ocrx_word' id='word_1_162' title='bbox 1099 1404 1233 1444; x_wconf 90' lang='lat' dir='ltr'>debet.</span> <span class='ocrx_word' id='word_1_163' title='bbox 1305 1402 1416 1444; x_wconf 87' lang='lat' dir='ltr'>Nam</span> <span class='ocrx_word' id='word_1_164' title='bbox 1460 1404 1501 1442; x_wconf 89' lang='lat' dir='ltr'>et</span> 
     </span>
     <span class='ocr_line' id='line_1_24' title="bbox 165 1461 1500 1520; baseline -0.004 -13"><span class='ocrx_word' id='word_1_165' title='bbox 165 1467 354 1520; x_wconf 87' lang='lat' dir='ltr'>plerique</span> <span class='ocrx_word' id='word_1_166' title='bbox 392 1466 600 1506; x_wconf 86' lang='lat' dir='ltr'>nobilium</span> <span class='ocrx_word' id='word_1_167' title='bbox 637 1463 889 1505; x_wconf 83' lang='lat' dir='ltr'>Graecorum</span> <span class='ocrx_word' id='word_1_168' title='bbox 928 1466 969 1504; x_wconf 91' lang='lat' dir='ltr'>et</span> <span class='ocrx_word' id='word_1_169' title='bbox 1000 1462 1279 1503; x_wconf 83' lang='lat' dir='ltr'>Favorinus</span> <span class='ocrx_word' id='word_1_170' title='bbox 1317 1461 1500 1515; x_wconf 87' lang='lat' dir='ltr'>philoso-</span> 
     </span>
     <span class='ocr_line' id='line_1_25' title="bbox 165 1520 1500 1579; baseline -0.005 -13"><span class='ocrx_word' id='word_1_171' title='bbox 165 1525 293 1579; x_wconf 75' lang='lat' dir='ltr'>phus,</span> <span class='ocrx_word' id='word_1_172' title='bbox 328 1525 624 1565; x_wconf 87' lang='lat' dir='ltr'>memoriarum</span> <span class='ocrx_word' id='word_1_173' title='bbox 656 1526 844 1564; x_wconf 81' lang='lat' dir='ltr'>veterum</span> <span class='ocrx_word' id='word_1_174' title='bbox 878 1522 1290 1575; x_wconf 60' lang='lat' dir='ltr'>exsequentissimm,</span> <span class='ocrx_word' id='word_1_175' title='bbox 1322 1520 1500 1560; x_wconf 84' lang='lat' dir='ltr'>affirma-</span> 
     </span>
     <span class='ocr_line' id='line_1_26' title="bbox 165 1578 1554 1636; baseline -0.003 -12"><span class='ocrx_word' id='word_1_176' title='bbox 165 1583 326 1624; x_wconf 85' lang='lat' dir='ltr'>tissime</span> <span class='ocrx_word' id='word_1_177' title='bbox 372 1584 628 1636; x_wconf 89' lang='lat' dir='ltr'>scripserunt</span> <span class='ocrx_word' id='word_1_178' title='bbox 669 1582 939 1622; x_wconf 86' lang='lat' dir='ltr'>simulacrum</span> <span class='ocrx_word' id='word_1_179' title='bbox 978 1580 1197 1621; x_wconf 90' lang='lat' dir='ltr'>columbae</span> <span class='ocrx_word' id='word_1_180' title='bbox 1235 1594 1256 1620; x_wconf 90' lang='lat' dir='ltr'>e</span> <span class='ocrx_word' id='word_1_181' title='bbox 1292 1579 1409 1633; x_wconf 88' lang='lat' dir='ltr'>ligno</span> <span class='ocrx_word' id='word_1_182' title='bbox 1448 1578 1500 1619; x_wconf 89' lang='lat' dir='ltr'>ab</span> <span class='ocrx_word' id='word_1_183' title='bbox 1522 1595 1554 1620; x_wconf 80' lang='lat'>25</span> 
     </span>
     <span class='ocr_line' id='line_1_27' title="bbox 166 1637 1502 1697; baseline -0.005 -13"><span class='ocrx_word' id='word_1_184' title='bbox 166 1642 393 1697; x_wconf 80' lang='lat' dir='ltr'>Archyta</span> <span class='ocrx_word' id='word_1_185' title='bbox 447 1642 610 1682; x_wconf 88' lang='lat' dir='ltr'>ratione</span> <span class='ocrx_word' id='word_1_186' title='bbox 667 1640 845 1694; x_wconf 87' lang='lat' dir='ltr'>quadam</span> <span class='ocrx_word' id='word_1_187' title='bbox 903 1639 1207 1692; x_wconf 87' lang='lat' dir='ltr'>disciplinaque</span> <span class='ocrx_word' id='word_1_188' title='bbox 1259 1637 1502 1678; x_wconf 79' lang='lat' dir='ltr'>mechanica</span> 
     </span>
     <span class='ocr_line' id='line_1_28' title="bbox 166 1697 1502 1754; baseline -0.005 -12"><span class='ocrx_word' id='word_1_189' title='bbox 166 1702 325 1743; x_wconf 84' lang='lat' dir='ltr'>factum</span> <span class='ocrx_word' id='word_1_190' title='bbox 357 1702 537 1754; x_wconf 80' lang='lat' dir='ltr'>volasse3</span> <span class='ocrx_word' id='word_1_191' title='bbox 569 1701 628 1741; x_wconf 87' lang='lat' dir='ltr'>ita</span> <span class='ocrx_word' id='word_1_192' title='bbox 661 1702 749 1740; x_wconf 88' lang='lat' dir='ltr'>erat</span> <span class='ocrx_word' id='word_1_193' title='bbox 781 1699 939 1739; x_wconf 89' lang='lat' dir='ltr'>scilicet</span> <span class='ocrx_word' id='word_1_194' title='bbox 963 1697 1225 1738; x_wconf 86' lang='lat' dir='ltr'>libramentis</span> <span class='ocrx_word' id='word_1_195' title='bbox 1252 1710 1502 1750; x_wconf 88' lang='lat' dir='ltr'>suspensum</span> 
     </span>
    </p>

    <p class='ocr_par' dir='ltr' id='par_1_7' title="bbox 109 1754 1503 1872">
     <span class='ocr_line' id='line_1_29' title="bbox 109 1754 1503 1813; baseline -0.003 -15"><span class='ocrx_word' id='word_1_196' title='bbox 109 1769 153 1799; x_wconf 88' lang='lat'>10</span> <span class='ocrx_word' id='word_1_197' title='bbox 168 1764 210 1801; x_wconf 91' lang='lat' dir='ltr'>et</span> <span class='ocrx_word' id='word_1_198' title='bbox 241 1775 341 1801; x_wconf 89' lang='lat' dir='ltr'>aura</span> <span class='ocrx_word' id='word_1_199' title='bbox 374 1760 545 1813; x_wconf 90' lang='lat' dir='ltr'>spiritus</span> <span class='ocrx_word' id='word_1_200' title='bbox 572 1759 734 1800; x_wconf 89' lang='lat' dir='ltr'>inclusa</span> <span class='ocrx_word' id='word_1_201' title='bbox 759 1760 884 1810; x_wconf 87' lang='lat' dir='ltr'>atque</span> <span class='ocrx_word' id='word_1_202' title='bbox 912 1757 1075 1798; x_wconf 88' lang='lat' dir='ltr'>occulta</span> <span class='ocrx_word' id='word_1_203' title='bbox 1101 1756 1322 1796; x_wconf 87' lang='lat' dir='ltr'>concitum.</span> <span class='ocrx_word' id='word_1_204' title='bbox 1378 1754 1503 1795; x_wconf 90' lang='lat' dir='ltr'>Libet</span> 
     </span>
     <span class='ocr_line' id='line_1_30' title="bbox 166 1813 1502 1872; baseline -0.005 -12"><span class='ocrx_word' id='word_1_205' title='bbox 166 1820 306 1860; x_wconf 87' lang='lat' dir='ltr'>hercle</span> <span class='ocrx_word' id='word_1_206' title='bbox 340 1833 465 1872; x_wconf 88' lang='lat' dir='ltr'>super</span> <span class='ocrx_word' id='word_1_207' title='bbox 495 1833 538 1859; x_wconf 91' lang='lat' dir='ltr'>re</span> <span class='ocrx_word' id='word_1_208' title='bbox 567 1821 655 1859; x_wconf 87' lang='lat' dir='ltr'>tam</span> <span class='ocrx_word' id='word_1_209' title='bbox 681 1816 925 1857; x_wconf 87' lang='lat' dir='ltr'>abhorrenti</span> <span class='ocrx_word' id='word_1_210' title='bbox 951 1831 974 1856; x_wconf 91' lang='lat' dir='ltr'>a</span> <span class='ocrx_word' id='word_1_211' title='bbox 999 1815 1082 1855; x_wconf 89' lang='lat' dir='ltr'>fide</span> <span class='ocrx_word' id='word_1_212' title='bbox 1108 1815 1240 1868; x_wconf 88' lang='lat' dir='ltr'>ipsius</span> <span class='ocrx_word' id='word_1_213' title='bbox 1265 1813 1502 1854; x_wconf 82' lang='lat' dir='ltr'>Favorini</span> 
     </span>
    </p>
   </div>
   <div class='ocr_carea' id='block_1_3' title="bbox 168 1940 1504 2037">
    <p class='ocr_par' dir='ltr' id='par_1_8' title="bbox 168 1940 1504 2037">
     <span class='ocr_line' id='line_1_31' title="bbox 264 1940 1504 1989; baseline -0.004 -9"><span class='ocrx_word' id='word_1_214' title='bbox 264 1951 305 1980; x_wconf 80' lang='lat'>15</span> <span class='ocrx_word' id='word_1_215' title='bbox 332 1947 424 1980; x_wconf 87' lang='lat' dir='ltr'>Plin.</span> <span class='ocrx_word' id='word_1_216' title='bbox 447 1945 562 1979; x_wconf 77' lang='lat' dir='ltr'>XXIX</span> <span class='ocrx_word' id='word_1_217' title='bbox 583 1949 614 1989; x_wconf 84' lang='grc'>4,</span> <span class='ocrx_word' id='word_1_218' title='bbox 637 1948 678 1977; x_wconf 75' lang='grc'>72</span> <span class='ocrx_word' id='word_1_219' title='bbox 802 1947 842 1977; x_wconf 80' lang='grc'>17</span> <span class='ocrx_word' id='word_1_220' title='bbox 870 1944 986 1977; x_wconf 87' lang='lat' dir='ltr'>Amm.</span> <span class='ocrx_word' id='word_1_221' title='bbox 1008 1942 1107 1975; x_wconf 77' lang='lat' dir='ltr'>XXX</span> <span class='ocrx_word' id='word_1_222' title='bbox 1129 1945 1158 1985; x_wconf 82' lang='lat'>1,</span> <span class='ocrx_word' id='word_1_223' title='bbox 1180 1946 1199 1974; x_wconf 74' lang='lat'>‘2</span> <span class='ocrx_word' id='word_1_224' title='bbox 1323 1944 1363 1973; x_wconf 85' lang='grc'>19</span> <span class='ocrx_word' id='word_1_225' title='bbox 1384 1940 1504 1975; x_wconf 83' lang='lat' dir='ltr'>Amm.</span> 
     </span>
     <span class='ocr_line' id='line_1_32' title="bbox 168 1994 435 2037; baseline 0 -10"><span class='ocrx_word' id='word_1_226' title='bbox 168 1994 319 2027; x_wconf 72' lang='lat' dir='ltr'>XXVII]</span> <span class='ocrx_word' id='word_1_227' title='bbox 341 1998 371 2037; x_wconf 90' lang='grc'>1,</span> <span class='ocrx_word' id='word_1_228' title='bbox 393 1997 435 2027; x_wconf 79' lang='lat'>‘22</span> 
     </span>
    </p>
   </div>
   <div class='ocr_carea' id='block_1_4' title="bbox 312 1902 448 1906">
    <p class='ocr_par' dir='ltr' id='par_1_9' title="bbox 312 1902 448 1906">
     <span class='ocr_line' id='line_1_33' title="bbox 312 1902 448 1906; baseline 0 0"><span class='ocrx_word' id='word_1_229' title='bbox 312 1902 448 1906; x_wconf 95' lang='lat' dir='ltr'> </span> 
     </span>
    </p>
   </div>
   <div class='ocr_carea' id='block_1_5' title="bbox 171 2103 1505 2341">
    <p class='ocr_par' dir='ltr' id='par_1_10' title="bbox 171 2103 1505 2341">
     <span class='ocr_line' id='line_1_34' title="bbox 265 2103 1504 2154; baseline -0.006 -10"><span class='ocrx_word' id='word_1_230' title='bbox 265 2116 283 2144; x_wconf 82' lang='lat'><strong>2</strong></span> <span class='ocrx_word' id='word_1_231' title='bbox 311 2110 476 2145; x_wconf 83' lang='lat' dir='ltr'>sollercie</span> <span class='ocrx_word' id='word_1_232' title='bbox 503 2110 583 2154; x_wconf 85' lang='lat' dir='ltr'>(-tie</span> <span class='ocrx_word' id='word_1_233' title='bbox 608 2112 647 2154; x_wconf 86' lang='lat' dir='ltr'>B)</span> <span class='ocrx_word' id='word_1_234' title='bbox 675 2110 821 2153; x_wconf 63' lang='lat' dir='ltr'>aqu(a“)e</span> <span class='ocrx_word' id='word_1_235' title='bbox 847 2110 977 2151; x_wconf 81' lang='lat' dir='ltr'>(eaque</span> <span class='ocrx_word' id='word_1_236' title='bbox 987 2107 1028 2153; x_wconf 70' lang='lat' dir='ltr'>sss</span> <span class='ocrx_word' id='word_1_237' title='bbox 1051 2108 1090 2150; x_wconf 80' lang='lat' dir='ltr'>Q)</span> <span class='ocrx_word' id='word_1_238' title='bbox 1117 2107 1146 2140; x_wconf 82' lang='grc' dir='ltr'><em>δ</em></span> <span class='ocrx_word' id='word_1_239' title='bbox 1171 2107 1181 2149; x_wconf 84' lang='grc' dir='ltr'>ΙΙ</span> <span class='ocrx_word' id='word_1_240' title='bbox 1208 2109 1226 2139; x_wconf 87' lang='grc'><strong>3</strong></span> <span class='ocrx_word' id='word_1_241' title='bbox 1257 2105 1391 2149; x_wconf 89' lang='lat' dir='ltr'>pedum</span> <span class='ocrx_word' id='word_1_242' title='bbox 1418 2107 1474 2141; x_wconf 80' lang='lat' dir='ltr'>Qz</span> <span class='ocrx_word' id='word_1_243' title='bbox 1493 2103 1504 2149; x_wconf 75' lang='grc' dir='ltr'>Η</span> 
     </span>
     <span class='ocr_line' id='line_1_35' title="bbox 171 2151 1504 2200; baseline -0.006 -8"><span class='ocrx_word' id='word_1_244' title='bbox 171 2163 191 2192; x_wconf 79' lang='lat'>4</span> <span class='ocrx_word' id='word_1_245' title='bbox 218 2169 261 2192; x_wconf 81' lang='lat' dir='ltr'>ex</span> <span class='ocrx_word' id='word_1_246' title='bbox 275 2180 317 2182; x_wconf 96' lang='lat'><strong>—</strong></span> <span class='ocrx_word' id='word_1_247' title='bbox 333 2157 619 2191; x_wconf 85' lang='lat' dir='ltr'>chamaeleontis</span> <span class='ocrx_word' id='word_1_248' title='bbox 641 2168 706 2191; x_wconf 86' lang='lat' dir='ltr'>om.</span> <span class='ocrx_word' id='word_1_249' title='bbox 725 2157 753 2190; x_wconf 79' lang='grc' dir='ltr'><em>δ</em></span> <span class='ocrx_word' id='word_1_250' title='bbox 771 2156 775 2200; x_wconf 68' lang='lat' dir='ltr'><strong>f</strong></span> <span class='ocrx_word' id='word_1_251' title='bbox 790 2154 920 2189; x_wconf 85' lang='lat' dir='ltr'>torreri</span> <span class='ocrx_word' id='word_1_252' title='bbox 945 2155 983 2188; x_wconf 87' lang='lat' dir='ltr'>in</span> <span class='ocrx_word' id='word_1_253' title='bbox 1009 2153 1115 2187; x_wconf 82' lang='lat' dir='ltr'>furno</span> <span class='ocrx_word' id='word_1_254' title='bbox 1136 2154 1233 2187; x_wconf 68' lang='lat' dir='ltr'>Ptin.</span> <span class='ocrx_word' id='word_1_255' title='bbox 1254 2154 1265 2195; x_wconf 85' lang='grc' dir='ltr'>ΙΙ</span> <span class='ocrx_word' id='word_1_256' title='bbox 1285 2157 1304 2187; x_wconf 82' lang='lat'>5</span> <span class='ocrx_word' id='word_1_257' title='bbox 1331 2151 1382 2196; x_wconf 87' lang='lat' dir='ltr'>et]</span> <span class='ocrx_word' id='word_1_258' title='bbox 1408 2151 1504 2184; x_wconf 85' lang='lat' dir='ltr'>ferro</span> 
     </span>
     <span class='ocr_line' id='line_1_36' title="bbox 171 2198 1504 2249; baseline -0.006 -10"><span class='ocrx_word' id='word_1_259' title='bbox 171 2205 261 2249; x_wconf 87' lang='lat' dir='ltr'>(foro</span> <span class='ocrx_word' id='word_1_260' title='bbox 287 2206 330 2248; x_wconf 84' lang='lat' dir='ltr'>X)</span> <span class='ocrx_word' id='word_1_261' title='bbox 364 2206 400 2239; x_wconf 90' lang='lat' dir='ltr'>et</span> <span class='ocrx_word' id='word_1_262' title='bbox 424 2208 526 2237; x_wconf 83' lang='lat' dir='ltr'>NOX</span> <span class='ocrx_word' id='word_1_263' title='bbox 558 2206 568 2247; x_wconf 82' lang='grc' dir='ltr'>ΙΙ</span> <span class='ocrx_word' id='word_1_264' title='bbox 601 2207 618 2236; x_wconf 80' lang='lat'><strong>7</strong></span> <span class='ocrx_word' id='word_1_265' title='bbox 658 2204 698 2237; x_wconf 88' lang='lat' dir='ltr'>id</span> <span class='ocrx_word' id='word_1_266' title='bbox 729 2214 794 2237; x_wconf 82' lang='lat' dir='ltr'>om.</span> <span class='ocrx_word' id='word_1_267' title='bbox 822 2203 851 2236; x_wconf 62' lang='lat' dir='ltr'>d*</span> <span class='ocrx_word' id='word_1_268' title='bbox 883 2202 921 2235; x_wconf 90' lang='lat' dir='ltr'>in</span> <span class='ocrx_word' id='word_1_269' title='bbox 948 2202 1020 2244; x_wconf 79' lang='grc' dir='ltr'>ΠΙ</span> <span class='ocrx_word' id='word_1_270' title='bbox 1050 2200 1143 2234; x_wconf 89' lang='lat' dir='ltr'>feret</span> <span class='ocrx_word' id='word_1_271' title='bbox 1167 2204 1199 2233; x_wconf 89' lang='lat' dir='ltr'>X</span> <span class='ocrx_word' id='word_1_272' title='bbox 1229 2201 1240 2243; x_wconf 84' lang='grc' dir='ltr'>Η</span> <span class='ocrx_word' id='word_1_273' title='bbox 1273 2203 1312 2233; x_wconf 87' lang='grc'>11</span> <span class='ocrx_word' id='word_1_274' title='bbox 1346 2208 1418 2231; x_wconf 90' lang='lat' dir='ltr'>non</span> <span class='ocrx_word' id='word_1_275' title='bbox 1449 2198 1504 2231; x_wconf 88' lang='lat' dir='ltr'>in-</span> 
     </span>
     <span class='ocr_line' id='line_1_37' title="bbox 171 2244 1505 2296; baseline -0.005 -11"><span class='ocrx_word' id='word_1_276' title='bbox 171 2253 324 2296; x_wconf 86' lang='lat' dir='ltr'>dignum</span> <span class='ocrx_word' id='word_1_277' title='bbox 355 2255 380 2284; x_wconf 89' lang='lat' dir='ltr'>B</span> <span class='ocrx_word' id='word_1_278' title='bbox 411 2253 422 2295; x_wconf 75' lang='lat'>11</span> <span class='ocrx_word' id='word_1_279' title='bbox 455 2255 497 2284; x_wconf 82' lang='lat'>15</span> <span class='ocrx_word' id='word_1_280' title='bbox 529 2251 592 2293; x_wconf 86' lang='lat' dir='ltr'>qui</span> <span class='ocrx_word' id='word_1_281' title='bbox 626 2250 762 2284; x_wconf 81' lang='lat' dir='ltr'>sederit</span> <span class='ocrx_word' id='word_1_282' title='bbox 794 2253 820 2286; x_wconf 80' lang='lat' dir='ltr'>Q</span> <span class='ocrx_word' id='word_1_283' title='bbox 858 2249 888 2282; x_wconf 91' lang='lat' dir='ltr'>si</span> <span class='ocrx_word' id='word_1_284' title='bbox 920 2248 1001 2291; x_wconf 87' lang='lat' dir='ltr'>quis</span> <span class='ocrx_word' id='word_1_285' title='bbox 1035 2247 1088 2282; x_wconf 89' lang='lat' dir='ltr'>ed.</span> <span class='ocrx_word' id='word_1_286' title='bbox 1122 2259 1146 2292; x_wconf 83' lang='grc' dir='ltr'>γ</span> <span class='ocrx_word' id='word_1_287' title='bbox 1184 2246 1349 2290; x_wconf 86' lang='lat' dir='ltr'>quisquis</span> <span class='ocrx_word' id='word_1_288' title='bbox 1376 2246 1474 2279; x_wconf 68' lang='lat' dir='ltr'>Plz‘n.</span> <span class='ocrx_word' id='word_1_289' title='bbox 1494 2244 1505 2291; x_wconf 76' lang='grc' dir='ltr'>Η</span> 
     </span>
     <span class='ocr_line' id='line_1_38' title="bbox 172 2292 1439 2341; baseline -0.006 -8"><span class='ocrx_word' id='word_1_290' title='bbox 172 2303 214 2333; x_wconf 79' lang='lat'>22</span> <span class='ocrx_word' id='word_1_291' title='bbox 240 2299 366 2333; x_wconf 86' lang='lat' dir='ltr'>uidere</span> <span class='ocrx_word' id='word_1_292' title='bbox 387 2301 442 2331; x_wconf 88' lang='grc' dir='ltr'>ΒΖ</span> <span class='ocrx_word' id='word_1_293' title='bbox 462 2300 472 2341; x_wconf 70' lang='grc'>11</span> <span class='ocrx_word' id='word_1_294' title='bbox 493 2301 536 2331; x_wconf 78' lang='lat'>23</span> <span class='ocrx_word' id='word_1_295' title='bbox 563 2297 738 2341; x_wconf 86' lang='lat' dir='ltr'>pleraque</span> <span class='ocrx_word' id='word_1_296' title='bbox 757 2300 789 2329; x_wconf 90' lang='lat' dir='ltr'>X</span> <span class='ocrx_word' id='word_1_297' title='bbox 808 2298 818 2340; x_wconf 80' lang='grc' dir='ltr'>ΙΙ</span> <span class='ocrx_word' id='word_1_298' title='bbox 839 2299 882 2329; x_wconf 76' lang='grc'>28</span> <span class='ocrx_word' id='word_1_299' title='bbox 909 2295 1030 2329; x_wconf 86' lang='lat' dir='ltr'>inlusa</span> <span class='ocrx_word' id='word_1_300' title='bbox 1056 2294 1120 2339; x_wconf 80' lang='lat' dir='ltr'>(ill.</span> <span class='ocrx_word' id='word_1_301' title='bbox 1143 2295 1201 2338; x_wconf 85' lang='grc' dir='ltr'>Π)</span> <span class='ocrx_word' id='word_1_302' title='bbox 1223 2292 1439 2326; x_wconf 55' lang='grc' dir='ltr'><strong>ΒΖΟῙΝΙΠ</strong></span> 
     </span>
    </p>
   </div>
  </div>
 </body>
</html>
