1617 2484
67 716 99 740 10

54 1303 91 1328 ’20

51 1596 88 1621 25

750 66 798 100 ΠΙ
826 70 843 99 7
1388 69 1469 108 155

124 173 266 214 silium
301 174 467 227 quidem
499 174 611 215 istud
638 188 769 228 aeque
796 175 1020 227 providens
1047 175 1126 215 sibi
1153 174 1347 228 viderier3
1382 176 1467 216 ‘sed

125 233 244 274 istos'
284 233 423 285 inquit
461 233 632 274 ‘milites
671 234 1002 287 quadringentos
1040 234 1091 274 ad
1123 248 1218 274 eum
1251 235 1392 275 locum
1425 235 1468 274 in

123 291 311 332 hostium
345 306 499 332 cuneos
532 293 725 345 quisnam
761 293 857 344 erit,
890 294 961 345 qui
995 293 1162 333 ducat‘R’
1227 291 1287 332 ‘Si
1320 293 1464 333 aliuni’
1507 304 1525 332 9

124 350 263 403 inquit
306 351 500 391 tribunus
547 351 770 392 ‘neminem
816 352 992 404 reperis,
1040 366 1105 392 me
1148 351 1247 391 licet
1291 352 1342 392 ad
1386 351 1467 392 hoc

123 409 357 461 periculum
390 412 526 462 utare3
559 424 636 463 ego
670 409 779 451 hanc
811 410 889 450 tibi
922 413 963 450 et
994 409 1251 463 reipublicae
1281 410 1465 450 animam

123 468 202 507 do.’
250 467 407 508 Consul
432 468 603 509 tribuno
630 469 787 523 gratias
814 469 1041 521 laudesque
1062 469 1160 523 agit.
1206 467 1417 509 Tribunus
1436 479 1534 510 10.11

121 529 163 566 et
198 527 495 581 quadringenti
527 528 579 568 ad
611 528 875 568 moriendum
910 527 1245 581 proficiscuntur.
1309 526 1464 568 Hostes
1482 539 1522 568 12

121 599 266 625 eorum
299 586 516 626 audaciam
549 586 825 639 demirantur3
864 600 1065 639 quorsum
1098 586 1158 626 ire
1191 588 1387 639 pergant,
1420 586 1465 626 in

120 645 380 697 expectando
419 648 527 686 sunt.
591 644 673 686 Sed
704 645 777 685 ubi
808 646 1006 698 apparuit
1037 645 1089 685 ad
1122 659 1213 685 eam
1246 659 1463 685 verrucam
1480 656 1522 686 13

121 703 407 756 occupandam
446 704 526 744 iter
563 704 797 756 intendere,
835 704 968 744 mittit
1005 704 1227 744 adversum
1260 703 1356 743 illos
1388 703 1463 742 1111-

118 764 288 814 perator
319 760 678 816 Carthaginiensis
714 763 948 816 peditatum
981 762 1318 815 equitatumque,
1357 776 1462 814 quos

118 821 160 860 in
190 820 376 861 exercitu
402 821 515 861 viros
540 821 690 862 habuit
717 821 1040 862 strenuissimos.
1098 819 1279 861 Romani
1306 820 1462 860 milites
1479 832 1522 862 14

117 879 523 932 circumveniuntur,
560 880 837 921 circumventi
873 882 1131 934 repugnant,
1168 880 1217 919 fit
1252 879 1460 932 proelium
1478 890 1519 920 15

117 938 188 978 diu
220 952 385 991 anceps.
441 938 627 979 Tandem
659 941 830 992 superat
855 939 1096 979 multitudo.
1153 937 1519 992 Quadringentilss

82 1010 95 1033 Γ)
117 1010 261 1037 omnes
300 1011 395 1038 cum
434 1011 518 1037 uno
558 997 736 1051 perfossi
772 997 923 1051 gladiis
955 1000 1029 1038 aut
1061 996 1290 1037 missilibus
1323 996 1460 1050 operti

115 1056 281 1096 cadunt.
339 1055 497 1096 Consul
522 1056 704 1108 interim,
736 1056 836 1096 dum
863 1056 921 1096 ibi
948 1058 1174 1110 pugnatur,
1205 1069 1248 1095 se
1274 1055 1318 1095 in
1342 1056 1459 1095 locos
1476 1066 1519 1096 17

114 1117 230 1155 tutos
262 1117 389 1168 atque
422 1114 556 1155 editos
589 1115 796 1155 subducit.

203 1171 285 1214 Sed
317 1174 429 1226 quod
462 1174 524 1214 illi
556 1173 746 1225 tribuno,
785 1173 880 1213 duci
913 1173 1097 1213 militum
1131 1172 1516 1226 quadringento-18

112 1247 217 1285 rum,
246 1232 447 1272 divinitus
474 1232 518 1272 in
544 1246 592 1272 eo
620 1232 781 1285 proelio
806 1246 905 1272 usus
926 1231 1054 1283 venit,
1079 1245 1166 1271 non
1186 1231 1267 1271 iam
1290 1231 1457 1283 nostris,

112 1291 184 1331 sed
209 1291 341 1344 ipsius
362 1289 569 1331 Catonis
590 1291 728 1331 verbis
749 1290 1020 1331 subiecimus:
1048 1289 1131 1330 Dii
1157 1290 1455 1330 inmortales
1473 1302 1514 1331 19

110 1349 317 1390 tribuno
357 1350 576 1390 militum
614 1350 870 1390 fortunam
909 1363 967 1389 ex
1003 1349 1196 1389 virtute
1234 1349 1340 1388 eius
1376 1348 1456 1388 de-

110 1408 236 1449 dere.
290 1407 413 1449 Nam
439 1409 511 1449 ita
537 1409 722 1449 evenit:
756 1422 863 1449 cunr
891 1408 1093 1448 saueius
1120 1407 1454 1447 multifariam

109 1467 180 1507 ibi
223 1467 388 1508 factus
433 1470 582 1519 esset,
625 1470 792 1507 tamen
835 1467 1015 1506 volnus
1060 1466 1219 1519 capiti
1259 1466 1454 1506 nullum

110 1525 296 1579 evenit,
329 1540 538 1579 eumque
570 1526 703 1566 inter
734 1527 960 1565 mortuos
988 1524 1323 1579 defetigatum
1349 1524 1454 1564 vol-

110 1584 315 1625 neribus
359 1587 526 1638 atque,
572 1584 702 1637 quod
741 1597 965 1638 sanguen
1002 1584 1109 1624 eius
1148 1583 1454 1634 defluxerat,

110 1657 403 1698 cognovere.
482 1642 606 1683 Eum
657 1643 930 1695 sustulere,
979 1643 1122 1695 isque
1172 1642 1454 1693 convaluit,

110 1716 359 1756 saepeque
402 1702 615 1755 postilla
660 1715 861 1754 operam
904 1700 1222 1754 reipublicae
1269 1700 1452 1740 fortem

108 1764 259 1814 atque
300 1763 552 1801 strenuam
591 1760 853 1814 perhibuit
890 1760 1085 1812 illoque
1122 1759 1277 1811 facto,
1321 1759 1452 1811 quod

109 1819 228 1860 illos
267 1819 458 1860 milites
491 1819 751 1872 subduxit,
789 1818 1066 1859 exercitum
1100 1820 1320 1859 ceterum
1354 1831 1452 1858 ser—

202 1927 223 1956 4
255 1922 445 1956 tribunum
476 1925 542 1955 RV
561 1924 572 1966 ΙΙ
593 1926 612 1956 9
646 1922 694 1955 ad
726 1933 808 1956 eam
837 1923 898 1957 Gr.
933 1921 1063 1956 eadem
1096 1923 1152 1965 (ex
1184 1921 1292 1954 adem
1316 1924 1359 1965 R)
1385 1924 1451 1953 RV

106 1970 264 2004 eandem
283 1973 308 2002 P
322 1970 332 2015 Η
348 1974 391 2003 14
417 1969 556 2003 Tamen
576 1973 604 2002 V
617 1970 627 2015 Η
644 1974 685 2003 15
712 1980 785 2002 una
805 1972 834 2001 V
855 1969 903 2002 ad
922 1980 1036 2002 unum
1055 1969 1232 2003 Pricaeus
1251 1979 1280 2002 c.
1301 1968 1450 2002 tribuno

109 2016 284 2063 Maehslyll
299 2020 341 2050 16
367 2016 519 2050 interibi
539 2016 650 2059 (inter
669 2016 768 2058 ibide
788 2018 830 2059 V)
851 2016 939 2049 dum
959 2026 1002 2049 ea
1022 2016 1176 2059 pug(xn)a
1198 2026 1234 2049 se
1255 2018 1331 2057 RV,
1354 2015 1452 2048 wzde

107 2064 228 2108 Rev-975
258 2074 385 2108 pugna
413 2063 658 2109 (pugnatur)
678 2065 689 2107 Η
712 2066 753 2097 18
785 2062 926 2096 tribuni
950 2066 1016 2095 RV
1035 2064 1047 2106 Η
1068 2066 1110 2096 19
1142 2074 1211 2095 usu
1238 2073 1258 2099 ς
1278 2064 1289 2106 Η
1310 2066 1351 2095 21
1384 2062 1451 2095 tri-

106 2111 198 2144 buni
217 2114 247 2143 V
267 2113 322 2154 (R)
342 2122 427 2144 -nus
447 2111 490 2143 Ρ1
510 2112 521 2153 ΙΙ
541 2114 584 2143 22
610 2110 664 2144 ita
691 2109 816 2144 euenit
841 2109 896 2143 ita
916 2110 984 2153 (uti
1003 2109 1059 2152 P2)
1079 2113 1141 2142 PV
1160 2112 1171 2152 Η
1192 2113 1234 2142 23
1262 2119 1340 2142 esse
1360 2113 1426 2142 RV
1443 2110 1446 2154 ζ

104 2156 269 2201 capitale
290 2158 397 2192 Mms.
414 2158 424 2200 Ἡ
439 2161 483 2190 24
509 2167 592 2191 eum
611 2160 640 2189 R
667 2167 823 2201 cumque
845 2184 850 2190 .
868 2185 873 2190 .
896 2167 1108 2200 cognovere,
1136 2167 1220 2190 eum
1240 2157 1283 2202 σῃ
1297 2160 1340 2190 25
1367 2166 1450 2189 san-

103 2204 251 2248 guineis
290 2204 368 2238 eius
400 2208 425 2237 P
463 2214 629 2248 sanguen
667 2203 710 2247 (is
742 2214 785 2238 ss.
815 2203 875 2248 V3)
907 2207 971 2236 RV
1010 2215 1035 2237 s.
1070 2204 1104 2238 ei
1135 2204 1234 2238 Lien
1253 2204 1264 2247 ΙΙ
1285 2207 1327 2236 27
1365 2205 1451 2247 post

105 2250 212 2284 illam
241 2253 361 2294 Ρ1128
398 2251 612 2295 praehibuit
646 2251 866 2295 Qm'cheratl!
886 2254 930 2284 29
969 2250 1134 2284 seruauit
1171 2251 1242 2284 huo
1276 2262 1393 2295 usque
1425 2255 1450 2284 P

104 2298 171 2340 cfr.
193 2299 219 2331 I
235 2301 270 2339 8,
291 2301 314 2332 6
