1611 2474
172 52 257 92 226
746 50 777 83 V
806 54 865 90 123
895 53 935 83 13

173 159 257 200 sint
277 161 318 199 et
336 161 685 210 utroqueversum
707 157 909 209 dicantur,
928 156 1059 196 veluti
1075 155 1287 208 ‘vescum'‚
1308 155 1507 196 ‘vemens'

173 220 215 258 et
246 216 498 271 ‘vegrande'‚
536 216 586 255 de
618 215 771 267 quibus
803 215 885 255 alio
921 214 965 254 in
995 214 1088 254 loco
1121 214 1262 266 (XVI
1277 215 1313 263 5,
1335 214 1379 266 6)
1411 213 1509 254 ube-

172 275 282 316 riore
326 277 506 314 tractatu
549 274 662 314 facto
707 273 1020 325 admonuimus3
1068 271 1240 313 ‘vesani'
1285 275 1425 312 autem
1470 274 1511 311 et

174 332 403 374 ‘vecordes'
442 347 493 373 ex
533 346 617 372 una
654 334 819 372 tantum
857 333 976 384 parte
1011 331 1128 383 dicti,
1167 344 1273 382 quae
1303 330 1511 383 privativa

175 394 253 444 est,
287 405 413 443 quain
448 388 593 430 Graeci
625 391 731 430 κατὰ
764 388 965 442 στέρησιν
998 389 1151 429 dicunt.
1549 404 1563 429 5

117 461 158 490 11
265 447 546 489 Simulacrum
579 448 709 502 igitur
741 448 805 488 dei
837 447 1055 500 Vediovis,
1087 447 1200 499 quod
1232 449 1294 487 est
1325 447 1369 486 in
1401 446 1511 498 aede,

175 507 224 548 de
261 521 342 560 qua
375 521 501 560 supra
533 507 636 559 dixi,
675 506 849 560 sagittas
880 508 1013 555 tenet,
1051 519 1157 557 quae
1190 508 1287 545 sunt
1318 504 1513 545 videlicet

119 577 160 607 12
175 568 319 620 partae
357 565 409 605 ad
440 565 687 605 nocendum.
751 563 1017 617 Quapropter
1048 577 1142 603 eum
1177 563 1299 603 deum
1331 563 1512 615 plerum-

176 638 256 677 que
293 622 538 677 Apollinem
577 637 666 663 esse
704 622 915 675 dixerunt3
952 622 1280 674 immolaturque
1316 621 1400 661 ritu
1437 620 1512 660 hu-

175 696 300 723 mano
341 695 483 735 capra,
521 681 694 733 eiusque
732 680 925 721 animalis
957 681 1207 734 figmentum
1239 680 1356 719 iuxta
1388 679 1513 719 simu-
1534 695 1566 720 10

174 741 335 781 lacrum
368 742 461 780 stat.

120 809 162 839 13
265 798 494 852 Propterea
531 796 815 851 Vergilium
855 810 1022 849 quoque
1059 796 1178 836 aiunt
1215 794 1372 836 multae
1409 795 1514 835 anti-

177 857 349 910 quitatis
388 856 603 896 hominem
643 856 731 895 sine
770 855 1063 895 ostentationis
1097 854 1192 894 odio
1225 854 1408 907 peritum
1440 868 1514 893 nu-

176 915 291 955 mina
327 916 446 955 laeva
478 915 522 954 in
554 913 810 968 georgicis
844 913 1055 966 deprecari
1088 913 1395 967 significantem
1428 911 1514 951 vim

177 973 387 1026 quandam
420 987 509 1013 esse
541 972 832 1013 huiuscemodi
865 972 1037 1011 deorum
1070 971 1114 1010 in
1144 971 1346 1011 laedendo
1379 971 1513 1024 magis
1535 986 1566 1011 15

177 1046 303 1084 quam
348 1032 392 1071 in
435 1030 616 1071 iuvando
661 1032 888 1083 potentem.
957 1028 1115 1070 Versus
1152 1028 1373 1083 Vergilii
1417 1031 1515 1069 sunt

177 1090 230 1142 (9.
252 1089 326 1130 JV
341 1091 402 1142 09:

236 1170 286 1210 in
317 1171 457 1210 tenui
489 1169 650 1222 labor;
681 1172 730 1209 at
761 1169 927 1209 tenuis
960 1183 1058 1209 non
1090 1168 1271 1223 gloria,
1303 1168 1343 1208 si
1370 1182 1513 1220 quem

236 1229 440 1269 numina
465 1229 607 1268 laeva
634 1228 807 1268 sinunt
827 1227 1068 1280 auditque
1088 1229 1296 1267 vocatus
1317 1225 1512 1280 Apollo.

121 1320 228 1363 14In
264 1322 356 1361 istis
394 1324 534 1361 autem
574 1321 670 1373 diis7
709 1334 814 1373 quos
847 1320 1003 1373 placari
1037 1323 1220 1373 oportet,
1256 1320 1319 1360 uti
1351 1321 1461 1360 mala
1492 1335 1515 1360 a
1535 1337 1568 1361 20

178 1380 301 1420 nobis
329 1380 399 1428 ⁴vel
431 1393 455 1418 a
485 1379 679 1433 frugibus
711 1379 820 1419 natis
852 1379 1123 1432 amoliamur,
1157 1377 1381 1419 Auruncus
1414 1392 1514 1431 quo-

180 1452 261 1491 que
292 1437 472 1477 habetur
504 1440 545 1478 et
576 1436 779 1491 Robigus.
1055 1452 1061 1460 ’

797 1552 900 1592 XIII

180 1633 234 1666 De
263 1632 467 1666 officiorum
493 1633 611 1676 gradu
637 1633 748 1674 atque
775 1632 901 1665 ordine
927 1632 1089 1666 moribus
1115 1632 1244 1676 populi
1270 1632 1426 1666 Romani
1453 1633 1514 1666 ob-

229 1680 381 1713 servato,
1535 1689 1567 1713 25

147 1775 164 1804 1
271 1761 493 1802 Seniorum
531 1761 752 1802 hominum
791 1765 832 1802 et
866 1761 1025 1802 Romae
1062 1762 1270 1802 nobilium
1308 1765 1434 1814 atque
1471 1763 1516 1802 in

181 1834 346 1860 morum
376 1820 776 1873 disciplinarumque
801 1823 989 1861 veterum
1016 1821 1205 1860 doctrina
1230 1820 1516 1872 memoriaque

181 1878 485 1931 praestantium
537 1878 783 1931 disceptatio
835 1879 1038 1931 quaedam
1087 1878 1169 1918 fuit
1214 1881 1431 1931 praesente
1475 1882 1517 1919 et

277 2007 296 2037 3
322 2003 346 2037 l.
366 2003 388 2037 1.
410 2003 493 2047 Dig.
514 2003 551 2036 L.
576 2007 630 2046 167
651 2006 730 2046 242,
751 2007 771 2037 3
796 2003 906 2037 Macr.
928 2003 977 2037 VI
998 2007 1029 2045 8,
1052 2006 1094 2036 18
1225 2007 1265 2037 12
1281 2014 1358 2046 sqq.
1385 2003 1476 2037 Non.
1499 2004 1515 2037 Ι

181 2061 216 2094 p.
239 2054 294 2091 51,
315 2054 333 2083 9
363 2050 458 2083 Serv.
479 2062 513 2094 g.
534 2050 583 2083 IV
605 2053 622 2082 7
768 2054 810 2083 ‘22
838 2050 933 2083 Serv.
955 2062 987 2094 g.
1010 2050 1025 2082 I
1046 2053 1109 2083 151

279 2169 295 2198 1
316 2167 472 2208 utroque
491 2176 600 2199 uersu
621 2178 647 2198 ω
664 2165 882 2211 {uehemens
903 2178 929 2198 ω
943 2165 955 2210 Η
969 2168 988 2198 8
1008 2167 1161 2209 paratae
1183 2177 1203 2202 ς
1224 2167 1332 2208 aptae
1348 2165 1515 2210 Jordanu

183 2215 202 2246 9
234 2222 385 2245 romano
417 2212 575 2255 Thysz'us
593 2214 604 2255 Η
625 2215 666 2245 12
700 2212 905 2255 antiquitus
930 2215 955 2244 P
975 2214 985 2255 ΙΙ
1007 2215 1048 2245 13
1081 2212 1202 2245 studio
1228 2212 1447 2246 Cornelissen
1472 2222 1517 2246 esc

191 2259 225 2292 V
240 2261 294 2300 14,
315 2261 336 2291 3
355 2260 366 2301 Η
386 2261 427 2291 21
456 2269 641 2301 aur-angus
668 2260 730 2301 (ar.
752 2260 793 2301 V)
813 2258 928 2291 PR²V
954 2269 1164 2302 augrungus
1187 2261 1216 2291 R
1240 2258 1469 2291 Averruncus
1495 2269 1515 2291 6
