1617 2484
49 744 82 769 10

50 1038 80 1063 15

50 1332 83 1356 20

51 1626 83 1650 25

672 53 705 87 Π
731 57 792 94 25;
819 57 862 86 2ss
1357 52 1438 91 133

102 176 179 216 pro
212 161 420 216 ἀναλογίᾳ
451 162 606 201 tuenda
638 161 815 201 scribsit.
875 160 982 202 Sunt
1010 161 1141 215 igitur
1166 161 1195 201 ii
1222 163 1436 213 tamquam
1457 172 1495 201 11

100 221 185 262 loci
211 221 379 274 quidam
408 233 651 261 communes
679 223 825 260 contra
851 219 1088 272 ἀναλογίαν
1115 220 1250 260 dicere
1277 222 1319 260 et
1337 219 1435 259 item

100 294 266 320 rursum
299 293 376 333 pro
409 278 629 333 ἀναλογίᾳ.

700 372 842 413 XXVI

103 441 292 475 Sermones
324 441 370 474 M.
398 441 592 474 Frontonis
631 442 667 474 et
700 441 870 474 Favorini
908 441 1119 485 philosophi
1158 441 1203 474 de
1243 440 1439 484 generibus

150 488 311 522 colorum
338 488 600 532 vocabulisque
627 498 751 521 eorum
778 488 928 522 Graccis
955 490 991 521 et
1018 488 1177 531 Latinis3
1208 489 1319 531 atque
1346 487 1439 521 inibi

150 536 249 569 color
275 536 406 579 spadix
432 535 638 569 cuiusmodi
664 536 722 569 sit.

189 608 470 648 Favorinus
504 604 803 661 philosophus,
835 621 929 647 cum
963 608 1014 647 ad
1046 606 1100 647 M.
1135 607 1438 648 Frontonem

103 668 364 708 consularem
396 667 573 721 pedibus
600 681 771 721 aegrum
799 667 935 706 visum
963 667 1053 719 iret,
1085 667 1220 707 voluit
1246 682 1312 706 me
1340 680 1438 719 quom

102 741 183 779 que
226 726 279 766 ad
322 741 417 766 eum
463 739 603 766 secum
647 726 717 766 ire.
786 724 849 765 Ac
894 725 1059 777 deinde,
1104 739 1194 765 cun]
1242 726 1300 765 ibi
1339 728 1442 778 aput

100 784 403 825 Frontonem
448 785 660 838 plerisque
704 784 803 824 viris
849 784 982 824 doctis
1026 784 1318 837 praesentibus
1361 797 1426 824 ser

101 858 246 884 mones
291 844 339 884 de
384 843 597 884 coloribus
641 843 944 896 vocabulisque
987 857 1131 883 eorum
1170 843 1442 897 agitarentur,

102 903 215 956 quod
257 903 482 956 multiplex
525 903 714 942 colorum
759 902 906 954 facies,
950 902 1256 955 appellationes
1301 903 1438 941 autem

101 962 283 1002 incertae
316 964 356 1001 et
388 961 563 1015 exiguae
594 961 746 1013 forent,
780 961 930 1014 ‘plura’
964 961 1104 1013 inquit
1131 961 1258 1000 ‘sunt’
1287 959 1441 1000 Favo-

101 1021 242 1060 rinus
275 1020 334 1060 ‘in
367 1020 558 1060 sensibus
593 1021 811 1060 oculorum
845 1034 971 1073 quam
1003 1020 1048 1059 in
1079 1019 1216 1059 verbis
1250 1019 1441 1059 vocibus-

103 1094 182 1132 que
221 1079 410 1119 colorum
449 1079 700 1119 discrimina.
762 1077 873 1118 Nam
909 1081 956 1118 ut
988 1079 1090 1118 alias
1123 1093 1267 1118 eorum
1300 1078 1441 1118 incon-

103 1138 324 1178 cinnitates
369 1138 632 1190 omittamus,
681 1137 892 1190 simplices
937 1137 1007 1177 isti
1050 1137 1170 1177 rufus
1214 1139 1255 1177 et
1298 1136 1442 1176 viridis

103 1197 264 1237 colores
295 1197 461 1251 singula
488 1197 657 1249 quidem
684 1196 902 1248 vocabula,
934 1197 1088 1236 multas
1115 1198 1255 1236 autem
1284 1196 1442 1248 species

104 1255 333 1296 differentis
383 1254 551 1295 habent.
625 1254 767 1308 Atque
818 1270 908 1295 eam
959 1268 1110 1295 vocum
1162 1254 1349 1307 inopiam
1399 1254 1443 1294 in

101 1315 248 1369 lingua
285 1315 420 1368 magis
450 1313 602 1354 Latina
633 1314 774 1366 video,
813 1328 938 1366 quam
971 1314 1015 1353 in
1048 1311 1214 1353 Graeca.
1278 1312 1442 1366 Quippe

103 1374 177 1426 qui
208 1373 357 1413 ‘rufus'
393 1374 520 1425 color,
552 1388 575 1412 a
606 1373 760 1413 rubore
793 1373 961 1425 quidem
994 1373 1232 1426 appellatus
1265 1375 1339 1424 est⁷
1372 1372 1443 1411 sed

103 1445 196 1472 curn
236 1433 358 1472 aliter
387 1432 537 1472 rubeat
568 1432 698 1486 ignis,
736 1432 858 1471 aliter
888 1432 1078 1485 sanguis,
1116 1431 1238 1471 aliter
1270 1433 1444 1484 ostrum,

103 1491 224 1531 aliter
256 1504 438 1543 crocum,
468 1490 619 1543 <aliter
650 1492 839 1542 aurum>
871 1489 946 1530 has
980 1490 1168 1544 singulas
1199 1490 1279 1529 rufi
1312 1489 1442 1529 varie-

102 1552 209 1590 tates
240 1549 392 1590 Latina
430 1550 564 1590 oratio
598 1549 776 1604 singulis
808 1549 1076 1602 propriisque
1107 1548 1325 1589 vocabulis
1358 1562 1444 1588 non

104 1608 363 1649 demonstrat
389 1609 614 1661 omniaque
639 1608 720 1648 ista
747 1608 958 1662 significat
977 1623 1061 1648 una¹
1083 1606 1280 1647 ‘ruboris'
1302 1607 1443 1660 appel-

103 1667 273 1719 latione,
299 1681 393 1708 cum
420 1682 470 1707 ex
496 1667 599 1720 ipsis
624 1667 751 1707 rebus
777 1666 984 1707 vocabula
1010 1667 1199 1706 colorum
1226 1668 1445 1706 mutuatur

104 1728 145 1766 et
173 1726 373 1780 ‘igneum'
401 1726 560 1779 aliquid
588 1726 688 1766 dicit
712 1728 753 1765 et
774 1725 1046 1766 ‘flammeum'
1069 1728 1110 1765 et
1132 1725 1440 1778 ‘sanguineum'

104 1789 145 1825 et
178 1785 400 1825 ‘croceum’
432 1787 473 1824 et
501 1785 737 1824 ‘esti-inum’
767 1787 808 1824 et
836 1784 1051 1824 ‘aureum⁷.
1110 1782 1302 1823 ‘Russus'
1331 1783 1440 1823 enim

105 1844 222 1883 color
247 1846 288 1883 et
315 1843 468 1883 ‘ruber’
496 1843 525 1895 †
551 1842 657 1882 nihil
684 1858 707 1882 a
729 1843 936 1883 vocabulo
959 1842 1068 1882 ‘rufi'
1092 1842 1288 1882 dicuntur
1306 1856 1443 1894 neque

200 1963 217 1992 1
246 1958 373 1992 scribit
392 1961 453 1991 Pv
476 1959 479 2001 ⁴
502 1957 514 1990 i
534 1961 599 1990 RV
620 1969 684 1991 om.
706 1961 731 1990 P
750 1959 761 2000 ⁴⁴
782 1961 800 1990 3
827 1969 952 1990 rursus
972 1961 1071 1990 PRV
1090 1958 1101 2001 ⁴⁴
1122 1961 1140 1991 5
1162 1957 1372 1991 Sermonem
1392 1970 1418 1990 ω
1433 1956 1443 2001 ⁴

105 2010 124 2040 9
144 2005 401 2040 VISVNIRET
422 2008 450 2037 A
469 2005 589 2038 uisere
611 2018 637 2038 co
651 2004 661 2049 ⁴
678 2008 718 2038 12
741 2005 827 2050 que]
842 2007 870 2037 A
891 2016 954 2039 om.
975 2018 1001 2037 ω
1016 2004 1026 2039 ’ἱ
1042 2008 1084 2038 14
1103 2006 1212 2048 piaq3
1226 2007 1255 2036 R
1270 2004 1280 2049 ⁴⁴
1296 2008 1337 2038 16
1359 2014 1443 2037 con-

105 2053 302 2087 cinnitates
317 2066 343 2086 ω
363 2064 451 2087 corr.
470 2053 576 2086 Illms.
591 2052 603 2097 ⁴⁴
618 2055 659 2084 17
680 2051 747 2085 rufi
769 2063 789 2088 ς
807 2052 809 2097 ⁴
826 2051 972 2097 uiridis]
988 2055 1050 2084 TY
1067 2051 1181 2085 uiridi
1196 2065 1222 2084 ω
1236 2050 1247 2097 ⁴⁴
1262 2055 1304 2084 23
1324 2051 1440 2094 suppl.

107 2101 169 2135 Gr.
184 2100 196 2146 ⁴⁴
209 2103 252 2133 26
267 2104 351 2143 post
370 2111 452 2134 cum
472 2100 640 2133 lacunam
661 2099 735 2132 ind.
752 2099 865 2133 Hertz
883 2099 972 2142 quin
988 2099 1095 2133 Illms.
1119 2098 1248 2144 (nisi)
1263 2109 1346 2132 cum
1360 2098 1416 2132 sk.
1436 2098 1440 2141 ⁴

103 2148 293 2181 mutuetur
312 2158 331 2181 σ
350 2149 360 2190 ⁴⁴
381 2151 424 2181 28
450 2157 574 2179 russus
597 2146 724 2180 Carrio
743 2145 845 2178 rufus
867 2159 893 2178 ω
913 2147 924 2189 ⁴⁴
944 2149 986 2178 29
1007 2146 1131 2190 ruber]
1151 2149 1177 2178 P
1197 2144 1241 2189 (ἓ)
1260 2144 1372 2178 rubor
1392 2158 1418 2177 ω
1436 2145 1440 2188 1

103 2193 199 2228 nihil
212 2198 420 2238 corruptum
431 2197 532 2236 puto,
544 2192 718 2226 nimirum
732 2193 866 2227 tentavi
873 2206 884 2234 ;
898 2193 1003 2226 ceteri
1016 2193 1055 2226 in
1069 2192 1242 2226 dicuntur
1253 2192 1396 2235 (dicunt
1408 2194 1442 2229 ς)

105 2242 304 2284 offendunt,
324 2253 394 2285 pro
414 2252 483 2284 quo
504 2239 679 2274 differunt
700 2251 719 2273 σ
739 2239 920 2273 diducunt
943 2240 1031 2274 Otho
1050 2239 1238 2273 divertunt
1258 2239 1443 2274 Baehrens

105 2287 240 2322 diversi
267 2288 439 2322 dicuntur
464 2288 598 2330 Hert2‘5
622 2286 683 2321 sed
704 2287 756 2321 vd.
785 2287 841 2320 VI
856 2289 878 2320 9
899 2287 1009 2321 lemm.
1039 2287 1119 2321 VII
1135 2289 1168 2329 5,
1188 2289 1229 2329 4‚·
1250 2288 1272 2320 5

1481 618 1496 647 1

1481 1264 1500 1294 <5¹
