1617 2484
624 82 891 117 PRAEFATIO
1312 84 1340 117 X
1348 84 1426 118 xm

88 198 169 234 tate
208 208 335 233 secum
374 196 570 232 coniuncti
605 195 822 232 doctrinam
855 195 1108 244 philosophus
1141 195 1275 233 Gallus
1309 197 1427 232 etiam

88 267 247 292 numero
280 254 467 291 librorum
501 266 587 291 eum
620 255 838 291 aemulatus
866 250 990 305 (Suid.
1018 267 1045 292 s.
1073 249 1126 306 v.)
1158 267 1233 291 non
1260 256 1426 303 respuit,

87 326 212 362 neque
237 314 307 351 hoc
333 314 475 350 mirum
499 315 567 360 est,
595 326 684 349 nam
705 314 812 350 cuius
834 314 988 350 nomine
1009 316 1264 350 exornaverat
1284 313 1425 350 librum

87 371 172 423 περὶ
189 367 479 421 Ἀκαδημαϊκῆς
511 369 736 418 διαθέσεως,
769 372 817 409 ab
844 384 887 409 eo
914 372 1057 409 librum
1077 370 1162 421 περὶ
1183 377 1251 409 τοῦ
1271 372 1426 422 πρώτου

87 436 241 481 ψυχροῦ
279 443 347 468 suo
386 431 541 468 nomine
579 431 811 479 inscriptum
849 433 888 467 et
926 432 1134 479 epistulam
1172 429 1257 481 περὶ
1295 431 1428 480 φιλίας

86 491 249 538 recepit,
288 492 331 527 ut
368 490 450 538 ipse
488 489 687 527 inducitur
724 491 763 526 in
799 490 905 528 illius
938 492 1085 538 quaest.
1113 502 1220 527 conv.
1252 490 1342 526 vm
1374 492 1425 527 10

86 551 126 586 et
162 549 346 586 laudatur
383 550 530 596 quaest.
558 548 667 585 Rom.
698 550 762 593 28,
802 550 855 586 sic
896 549 955 586 vel
990 550 1070 586 eius
1104 562 1259 586 servum
1291 552 1426 586 contra

87 607 309 656 Epictetum
336 609 550 645 certantem
577 609 673 645 facit
699 604 864 659 (Mai-res
892 609 952 645 De
976 609 1165 645 Favorini
1190 609 1267 645 vita
1295 622 1330 656 p.
1358 610 1425 653 14;

88 669 159 714 903
195 662 295 718 134)
332 687 379 691 ——
417 667 440 703 5
475 666 533 702 Ex
565 666 724 703 Sotione
756 666 825 703 illa
857 667 999 715 probra
1031 669 1223 716 accepisse
1257 666 1424 704 Gellium

84 725 203 763 Hertz
233 726 299 772 Op.
329 725 423 763 Gell.
452 726 506 762 60
539 724 764 773 arbitratur,
798 738 820 762 a
852 738 927 773 quo
957 739 1044 763 cum
1072 727 1140 762 h'u.
1171 728 1193 763 9
1227 726 1423 763 dissentio.

85 774 384 822 Demosthenem
406 797 429 821 a
448 784 679 832 philosopho
700 784 749 821 ad
768 785 963 822 rhetorem
977 787 1243 822 transeuntem
1259 779 1334 836 (Ill
1354 786 1423 836 13)

84 843 289 892 descripsit
325 843 581 892 Hermippus,
620 856 664 880 ex
697 843 911 892 Hermippo
944 843 1176 890 Favorinus,
1214 844 1304 881 huic
1343 845 1425 880 vin-

84 902 299 940 dicabimus
332 903 464 948 etiam,
499 915 599 950 quae
632 903 797 952 legimus
830 903 875 939 de
908 903 1180 940 Demosthenis
1214 905 1303 939 ante
1336 902 1425 939 Phi·

84 962 236 1010 lippum
267 962 422 998 silentio
456 955 572 1012 (VIII
600 956 661 1013 9),
693 963 788 999 item
821 961 1013 1009 quomodo
1045 962 1185 999 Timon
1217 962 1424 999 cavillatus

84 1021 136 1057 sit
166 1020 370 1057 Platonem
403 1015 481 1071 (HI
511 1015 581 1071 17)
621 1022 660 1058 et
691 1020 883 1057 Euathlus
916 1020 1137 1057 ludificatus
1170 1020 1426 1070 Protagoram

84 1076 138 1125 (V
169 1076 258 1131 10),
298 1092 365 1117 nec
404 1091 480 1115 non
519 1079 616 1116 alias
649 1079 694 1116 de
727 1080 952 1117 clarissimis
986 1080 1079 1116 viris
1112 1080 1424 1117 narratiunculas

85 1137 201 1188 (117
243 1138 280 1174 Π
312 1141 350 1185 1;
387 1140 437 1174 18
476 1137 513 1173 V
541 1139 563 1174 3
604 1138 694 1174 XIV
723 1133 785 1189 3),
830 1150 955 1175 nonne
1000 1139 1118 1175 etiam
1164 1139 1338 1175 convicia
1377 1138 1424 1175 ab

82 1192 316 1245 Aeschinel)
348 1198 389 1233 in
422 1197 618 1233 aemulum
650 1197 819 1234 invisum
849 1198 996 1234 iactata
1023 1197 1146 1234 eidem
1174 1198 1324 1234 auctori
1351 1199 1423 1234 ori-

83 1256 214 1305 ginem
258 1256 400 1292 debent
443 1256 636 1303 simulque
675 1255 876 1293 Hortensii
913 1268 1140 1303 responsum
1178 1257 1348 1293 facetum
1387 1260 1425 1293 et

83 1313 291 1352 acerbum?
342 1314 405 1351 Sic
431 1326 586 1362 quoque
612 1316 806 1352 sententia
828 1315 1026 1352 Schaeferi
1046 1314 1256 1351 Phssol.VI
1272 1310 1423 1365 (1851)

85 1374 166 1410 427
201 1376 304 1411 stare
332 1375 462 1421 potest
493 1374 564 1410 illa
589 1375 705 1410 antea
733 1374 780 1410 ab
806 1373 1021 1421 Hermippo
1048 1374 1194 1410 tradita
1221 1386 1301 1411 esse
1327 1395 1375 1398 ——
1402 1375 1422 1410 7

84 1445 128 1469 ex
166 1432 291 1469 Probo
330 1427 422 1483 (Me.
451 1432 532 1469 679
572 1433 650 1469 ind.
682 1434 733 1469 14
765 1433 834 1469 Ne.
864 1434 945 1469 273
981 1432 1049 1468 Ru.
1082 1434 1151 1480 173
1184 1427 1299 1484 20)2)
1327 1454 1372 1457 —
1400 1434 1422 1469 9

83 1504 127 1528 ex
155 1490 325 1529 Sotionis
351 1489 436 1541 περὶ
463 1489 654 1541 διαδόχων
681 1486 772 1542 (Me.
799 1491 904 1540 apud
928 1491 1048 1528 Hertz
1076 1491 1143 1537 Op.
1173 1491 1219 1528 G.
1248 1488 1333 1542 61),
1360 1492 1423 1527 vix

82 1551 204 1598 recte3
231 1562 275 1587 ex
301 1550 429 1587 Tauro
456 1550 526 1586 Ru.
550 1551 604 1588 50
621 1571 672 1575 —
693 1552 744 1588 10
772 1563 816 1587 ex
842 1550 1029 1587 Favorini
1054 1562 1230 1587 sermone
1257 1544 1346 1601 (Ru.
1370 1551 1423 1587 54

83 1610 151 1646 cfr.
176 1608 243 1645 Kr.
272 1603 388 1660 80)⁸)
415 1630 467 1634 —
496 1611 544 1645 11
582 1621 626 1645 ex
655 1609 842 1646 Varronis
875 1609 1024 1657 discipl.
1051 1609 1128 1645 VII
1161 1603 1225 1653 (de
1257 1606 1423 1660 musica)

84 1667 227 1705 additis
254 1680 277 1704 a
297 1666 422 1705 Gellio
448 1668 575 1705 verbis
601 1669 695 1716 ipsis
716 1668 967 1717 Thucydidis,
992 1667 1195 1714 Herodoti,
1217 1667 1424 1714 Ciceronis,

83 1726 307 1764 Aristotelis
341 1721 430 1777 (Ru.
461 1729 502 1774 73
534 1721 648 1778 29)4)
675 1748 721 1751 —-
750 1728 800 1763 12
835 1739 879 1764 ex
910 1725 1102 1764 Labeonis
1135 1726 1422 1764 commentariis

84 1779 174 1835 (Me.
204 1785 304 1833 65ος
339 1786 421 1823 654
460 1785 530 1822 Ru.
562 1787 632 1833 113
668 1786 738 1833 163
766 1786 837 1833 623
869 1786 920 1822 66
954 1785 1024 1823 Ne.
1053 1779 1198 1837 266)5)
1221 1806 1274 1810 —
1300 1787 1350 1823 13
1379 1798 1423 1823 ex

82 1843 272 1881 Panaetio
303 1842 389 1895 περὶ
420 1849 488 1883 τοῦ
514 1842 760 1893 καθήκοντος
787 1838 876 1895 (Ru.
905 1840 991 1896 46),
1024 1845 1203 1892 quamvis
1230 1844 1276 1881 ad
1305 1846 1423 1893 scrip-

82 1904 207 1940 torem
239 1903 383 1940 liberae
415 1904 472 1940 rei
499 1903 678 1951 publicae
704 1904 880 1952 refugere
906 1915 1059 1950 verear,
1090 1915 1182 1940 nam
1207 1903 1302 1940 haec
1328 1905 1423 1941 satis

180 2041 212 2084 1)
238 2040 344 2073 Hunc
370 2039 491 2084 ipsum
510 2038 650 2073 fontem
670 2037 783 2072 fuisse
803 2038 921 2073 Gellio
942 2039 979 2072 in
1000 2043 1019 2081 ξ
1042 2043 1059 2072 1
1081 2038 1357 2073 Kretzschmero
1381 2043 1421 2073 13

83 2098 156 2120 non
188 2086 384 2129 assentior,
416 2085 583 2130 quamvis
609 2085 687 2120 eius
712 2085 752 2119 in
777 2085 1012 2120 Timarchum
1037 2086 1155 2120 oratio
1181 2086 1298 2120 XVffl
1318 2090 1337 2120 3
1365 2097 1423 2120 oc-

83 2135 222 2177 currat,
249 2134 313 2168 sed
339 2132 614 2168 accuratissime
639 2132 819 2176 inscripta
845 2134 882 2167 et
907 2133 1099 2177 exscripta.

180 2183 214 2224 2)
240 2180 310 2215 Cfr.
332 2180 431 2215 Beck
457 2183 512 2214 29.
664 2181 696 2221 3)
723 2179 776 2212 Ex
801 2179 922 2214 Plinio
949 2180 994 2214 de
1021 2181 1105 2214 dub.
1134 2191 1238 2214 serm.
1265 2180 1364 2214 Beck
1390 2184 1422 2215 8.

178 2229 212 2271 4)
239 2227 312 2262 Cfr.
338 2229 375 2261 et
399 2228 460 2262 Kr.
482 2231 501 2261 6
528 2227 596 2260 Me.
619 2238 702 2261 ann.
725 2230 801 2260 721.

178 2277 211 2319 5)
238 2274 330 2309 Item
349 2275 442 2308 Rud.
464 2274 571 2308 Peter
594 2274 847 2319 Quaestionwu
872 2276 1137 2318 pontificalium
1162 2275 1334 2318 specimen
1357 2275 1424 2308 Ar-

82 2322 269 2365 gentorati
297 2324 385 2356 1886
412 2333 448 2365 p.
470 2325 507 2364 9;
535 2324 588 2354 29.
