1617 2484
720 71 769 105 111
798 74 839 105 10
1368 74 1446 114 161

103 182 184 232 est,
222 193 419 220 numeros
458 178 788 232 comprehendat
825 179 1048 233 ipsumque
1084 194 1127 220 se
1165 180 1308 232 addat,
1346 181 1447 221 facit

103 253 323 279 numerum
375 240 470 279 octo
519 241 560 278 et
604 237 775 292 viginti,
826 241 930 291 quot
974 238 1061 279 dies
1107 241 1205 279 sunt
1249 240 1445 280 curriculi

102 297 271 338 lunaris.
341 294 408 337 Ad
451 296 643 337 homines
683 311 851 350 quoque
889 298 1120 337 nascendos
1158 297 1244 337 vim
1283 300 1445 339 numeri

103 356 224 396 istius
256 356 417 411 porrigi
450 356 743 408 pertinereque
775 355 850 396 ait:
883 354 1005 396 Nam
1039 370 1145 396 cum
1174 356 1223 396 in
1249 359 1444 398 uterum

64 431 80 456 5
102 415 241 467 inquit
261 414 490 455 mulieris
516 414 740 468 genitale
768 428 933 455 semen
959 415 1126 455 datum
1155 418 1246 468 est,
1268 416 1445 469 primis

101 476 289 527 septem
330 473 504 514 diebus
544 472 884 527 conglobatur
922 474 1325 528 coagulaturque
1359 475 1445 515 fit—

102 546 194 585 que
232 532 289 572 ad
327 531 620 585 capiendam
653 532 872 586 figuram
906 532 1151 572 idoneum.
1213 532 1334 574 Post
1367 533 1444 574 de—

101 591 215 631 inde
247 594 426 643 quarta
458 590 784 643 hebdomade,
820 590 949 643 quod
982 591 1088 631 eius
1122 591 1270 632 virile
1303 606 1444 633 secus

99 650 324 690 futurum
359 652 450 702 est,
483 652 632 703 caput
665 652 712 690 et
744 649 907 702 spina,
939 663 1062 702 quae
1095 652 1169 690 est
1201 649 1250 690 in
1280 651 1446 704 dorso,

48 708 415 750 minformatur.
492 706 716 762 Septima
760 710 923 748 autem
968 708 1072 748 fere
1116 708 1445 762 hebdomade,

99 767 148 807 id
191 769 266 807 est
309 780 439 807 nono
484 769 531 807 et
569 767 955 820 quadragesimo
995 767 1090 819 die,
1128 770 1267 807 totus
1306 768 1446 821 inquit

98 825 244 866 homo
294 826 344 866 in
393 829 535 867 utero
586 825 883 866 absolvitur.
962 823 1085 866 Illam
1137 840 1305 880 quoque
1356 827 1441 867 vim

98 884 263 925 numeri
306 884 431 925 huius
477 884 740 925 observatam
779 883 925 936 refert,
970 884 1083 937 quod
1120 887 1217 925 ante
1256 900 1442 926 mensem

99 943 326 997 septimum
353 957 489 996 neque
515 958 604 983 mas
631 957 766 996 neque
792 942 950 983 femina
976 942 1201 984 salubriter
1226 957 1274 984 ac
1301 957 1444 984 secun-

46 1018 78 1044 15
99 1002 198 1042 dum
236 1004 431 1043 naturam
469 1002 585 1043 nasci
617 1004 757 1056 potest
790 1004 831 1042 et
863 1001 977 1055 quod
1008 1001 1071 1054 hi,
1110 1002 1182 1056 qui
1214 1002 1444 1044 iustissime

98 1061 142 1101 in
185 1063 304 1101 utero
350 1063 465 1113 sunt,
512 1063 609 1114 post
653 1061 855 1102 ducentos
901 1060 1171 1115 septuaginta
1214 1063 1298 1102 tres
1343 1061 1444 1114 dies,

98 1122 324 1173 postquam
357 1122 455 1160 sunt
487 1120 693 1173 concepti,
725 1119 1045 1173 quadragesima
1078 1119 1257 1172 denique
1288 1119 1443 1160 hebdo-

97 1178 218 1219 made
238 1178 343 1219 'mita
362 1181 602 1219 nascuntur.
641 1177 834 1219 Pericula
849 1192 1017 1231 quoque
1031 1177 1144 1219 vitae
1158 1178 1443 1219 fortunarum-

98 1251 179 1290 que
218 1237 426 1291 omm'um,
464 1252 571 1291 quae
611 1237 903 1278 ‘climacteras’
940 1235 1179 1278 Chaldaei
1212 1238 1442 1290 appellant,

1482 838 1502 867 8

1482 1190 1501 1219 9

44 1313 78 1339 20
97 1296 368 1350 gravissimos
419 1310 609 1350 quosque
657 1296 749 1337 fieri
800 1295 1070 1348 septenarios,
1146 1295 1317 1336 Praeter
1360 1295 1442 1337 hoc
1457 1307 1501 1337 10

97 1355 269 1396 modum
296 1369 385 1396 esse
411 1355 513 1396 dicit
536 1369 748 1395 summum
769 1354 1035 1395 adolescendi
1055 1353 1231 1395 humani
1252 1355 1441 1408 corporis

97 1416 258 1468 septem
303 1413 439 1467 pedes.
509 1412 631 1462 Quod
674 1427 763 1454 esse
807 1413 942 1467 magis
986 1427 1132 1453 verum
1176 1413 1499 1466 arbitramur,11

97 1487 224 1526 quam
263 1473 373 1525 quod
413 1471 720 1525 Herodotus,
763 1472 891 1512 homo
929 1471 1160 1524 fabulator,
1198 1472 1243 1512 in
1280 1472 1441 1526 primo

96 1531 427 1572 historiarum
460 1531 508 1584 (e.
539 1531 611 1584 68)
646 1531 863 1571 inventurn
897 1545 986 1571 esse
1019 1530 1095 1571 sub
1128 1533 1239 1572 terra
1272 1531 1442 1585 scripsit

44 1607 77 1632 25
97 1589 235 1631 Oresti
267 1604 420 1643 corpus
453 1590 595 1630 cubita
625 1589 905 1644 longitudinis
936 1588 1096 1630 habens
1126 1591 1300 1643 septem,
1333 1603 1441 1642 quae

96 1649 258 1690 faciunt
307 1649 433 1702 pedes
477 1649 697 1689 duodecim
742 1651 783 1689 et
827 1648 1121 1701 quadrantem,
1171 1648 1252 1688 nisi
1297 1647 1349 1700 si,
1392 1651 1441 1689 ut

96 1707 342 1748 Homerus
370 1707 566 1761 opinatus
594 1710 656 1748 est
683 1707 732 1759 (I
736 1707 759 1748 l.
783 1706 913 1747 17304
927 1706 1033 1747 XII
1039 1709 1123 1747 383
1136 1706 1223 1759 ab),
1255 1707 1440 1748 vastiora

97 1766 411 1820 prolixioraque
453 1766 625 1807 fuerunt
668 1779 845 1819 corpora
888 1764 1109 1805 hominum
1151 1764 1439 1818 antiquiorum

192 1886 213 1915 4
228 1892 305 1924 sqq.
332 1881 439 1914 Mart.
462 1880 547 1925 Cap.
568 1880 602 1914 Π
620 1883 685 1914 108
705 1880 772 1914 VH
787 1883 852 1914 739
874 1879 984 1913 Macr.
1000 1879 1060 1913 1.1.
1077 1883 1120 1913 62
1140 1879 1269 1924 Eulog.
1285 1879 1307 1913 l.
1322 1880 1345 1913 l.
1368 1892 1402 1924 p.
1420 1883 1440 1914 9

98 1928 242 1963 Censor.
264 1928 314 1962 IX
332 1932 350 1961 2
372 1927 422 1961 ΧΙ
436 1932 455 1962 5
469 1939 545 1971 sqq.
566 1928 690 1971 Lydus
704 1938 817 1961 mens.
833 1927 866 1960 Π
882 1931 922 1960 11
940 1928 1010 1971 (12)
1030 1926 1080 1960 n]
1095 1930 1114 1960 6
1130 1929 1176 1971 (9)
1198 1926 1248 1960 IV
1261 1931 1304 1961 21
1322 1929 1393 1971 (26)

101 1980 142 2010 18
164 1987 241 2019 sqq.
282 1974 426 2009 Censor.
454 1974 538 2008 XIV
563 1978 582 2008 9
618 1975 764 2008 Firmic.
791 1974 842 2008 IV
868 1978 922 2015 20,
951 1978 970 2007 3
1003 1974 1108 2018 (Plin.
1136 1973 1203 2007 VH
1227 1977 1283 2014 49,
1312 1977 1392 2018 161)

99 2027 142 2057 25
159 2034 236 2066 sqq.
263 2022 356 2056 Plin.
379 2021 446 2055 VH
467 2026 520 2064 16,
542 2025 585 2054 74
612 2021 723 2055 Solin.
745 2021 761 2055 I
781 2024 824 2055 90

194 2121 213 2150 2
234 2116 333 2160 quod
353 2129 380 2149 ω
394 2117 404 2159 {3
420 2119 462 2149 15
482 2115 536 2148 hii
555 2119 581 2148 P
601 2115 654 2150 dii
673 2119 703 2149 V
720 2115 723 2160 1
740 2114 943 2148 iustissimo
962 2128 988 2148 ω
1002 2115 1014 2160 [ἦ
1029 2117 1070 2148 17
1091 2114 1374 2159 quadragesime
1389 2128 1416 2148 ω
1429 2115 1440 2160 ’1

102 2167 143 2197 18
164 2163 258 2197 inita
272 2163 329 2198 Sk.
351 2163 405 2196 ita
426 2177 452 2196 ω
472 2164 474 2207 ξ
492 2162 647 2206 periculi
670 2190 675 2196 .
693 2191 698 2195 .
721 2173 811 2205 quos
832 2161 984 2196 Salmas.
1000 2162 1010 2206 {J
1025 2165 1067 2194 20
1088 2162 1307 2206 gravissima
1327 2172 1439 2204 quae-

98 2221 170 2254 que
196 2210 219 2244 f.
248 2210 468 2254 septenariis
494 2220 513 2242 σ
536 2211 540 2253 1
562 2208 641 2243 fieri
668 2209 828 2243 affirmat
854 2220 880 2242 s.
901 2212 929 2241 V
949 2210 960 2252 Η
980 2211 1023 2242 22
1050 2209 1208 2242 arbitror
1226 2212 1256 2241 B.
1275 2210 1286 2252 ll
1306 2212 1349 2242 25
1375 2208 1440 2242 ho-

98 2257 207 2291 restis
221 2257 270 2303 Ρξῐ
284 2261 327 2291 26
348 2257 379 2290 si
399 2267 464 2291 om.
480 2256 584 2301 R‘gl27
606 2256 857 2290 arbitrabatur
876 2256 933 2300 (em
952 2256 1100 2299 —tratur)
1115 2256 1219 2300 Rj'28
1240 2255 1378 2289 fuerint
1391 2259 1416 2288 P
1433 2256 1435 2300 j

100 2304 336 2347 antiquorum
355 2307 384 2336 R.

171 2368 311 2395 Gnnmvs
331 2356 376 2395 ed.
397 2368 538 2394 Hosius
1185 2364 1225 2394 11
