1591 2474
139 62 190 101 78
717 64 818 104 118;
847 69 889 98 19

104 180 123 209 6
139 167 310 223 Graece,
354 174 416 211 est
454 170 602 211 Latine
642 171 750 211 ’111ῖῖ
821 170 901 212 Sed
939 187 985 213 ea
1023 188 1086 214 res
1124 174 1334 228 fugeritne
1371 177 1473 216 tuno

138 228 379 269 Varronis
412 230 669 281 memoriam,
701 245 754 270 an
780 234 925 271 eontra
950 232 1090 284 aptius
1116 236 1157 273 et
1183 233 1473 273 cohaerenti-us

137 288 298 340 putarit
336 288 499 328 ‘furem'
540 303 563 328 a
602 288 767 341 ‘furvo',
810 290 851 329 id
890 293 952 330 est
989 291 1128 344 nigro,
1172 292 1392 344 appellari,
1429 292 1474 332 in

136 346 215 386 1130
257 361 300 386 re
339 347 387 386 de
426 347 515 387 viro
554 350 639 387 tam
679 348 921 389 excellentis
960 349 1172 390 doetrinae
1210 364 1295 390 non
1332 365 1471 390 meum

136 405 337 445 iudicium
370 408 442 445 est.

136 601 300 635 Historia
332 612 440 645 super
467 601 572 635 libris
600 602 790 646 Sibyllinis
817 614 858 637 ac·
886 603 930 637 de
957 604 1156 648 Tarquinio
1184 605 1347 649 Superbo
1373 616 1469 650 rege.

102 698 118 726 1
223 684 273 725 In
322 686 546 739 antiquis
596 688 862 728 annalibus
909 689 1112 729 memoria
1155 705 1280 743 super
1322 690 1470 730 libris

101 743 407 798 essibyllinis
445 744 548 785 11300
586 746 751 798 prodita
786 749 865 787 est:
903 746 1021 788 Anus
1054 748 1223 801 hospita
1254 751 1379 801 atque
1411 749 1471 788 in-

135 804 305 858 cognita
342 804 394 843 ad
426 803 701 856 Tarquinium
736 803 970 858 Superbum
1008 821 1149 860 regem
1185 807 1288 847 adiit
1319 821 1469 847 novem

134 863 264 902 libros
289 859 438 914 ferens,
465 877 569 915 quos
596 877 684 903 esse
711 864 875 904 dicebat
901 864 1041 905 divina
1062 866 1247 917 oracula,
1273 880 1343 906 eos
1363 866 1470 906 Velle

100 931 120 961 3
135 922 383 961 venundare.
434 921 687 974 Tarquinius
707 923 889 975 pretium
910 926 1179 976 percontatus
1199 927 1271 965 est.
1319 924 1471 964 Mulier

99 980 311 1020 4nimium
356 983 482 1032 atque
526 981 762 1021 inmensum
807 983 1018 1034 poposeit3
1068 997 1158 1035 rex,
1205 983 1323 1035 quasi
1366 997 1470 1022 anus

99 1042 269 1079 :Saetate
301 1039 519 1091 desiperet,
551 1039 704 1079 derisit.
762 1039 868 1080 Tum
895 1041 967 1080 illa
992 1041 1180 1081 foculum
1207 1056 1346 1082 eoram
1375 1055 1468 1081 oum

134 1098 222 1151 igni
259 1098 453 1150 apponit,
490 1098 566 1137 tris
603 1098 734 1138 libros
773 1113 822 1139 ex
860 1113 1010 1139 novem
1050 1100 1186 1140 deurit
1223 1103 1281 1152 et,
1320 1100 1469 1153 ecquid

132 1156 317 1208 reliquos
357 1171 428 1196 sex
467 1157 611 1196 eodem
651 1157 786 1209 pretio
823 1172 957 1198 emere
989 1159 1134 1211 vellet,
1170 1173 1312 1212 regem
1344 1159 1469 1199 inter-

99 1226 118 1255 6
132 1215 307 1269 rogavit.
378 1213 459 1255 Sed
502 1216 612 1255 enim
652 1215 904 1268 Tarquinius
948 1217 989 1256 id
1033 1218 1167 1257 multo
1205 1218 1298 1257 risit
1334 1218 1468 1271 magis

100 1286 116 1314 7
134 1274 321 1326 dixitque
353 1288 479 1313 anum
512 1274 595 1314 iam
628 1276 775 1327 procul
807 1275 934 1315 dubio
967 1276 1151 1316 delirare.
1210 1275 1363 1316 Mulier
1393 1276 1468 1316 ibi-

134 1333 226 1373 dem
272 1332 413 1373 statim
457 1333 532 1372 tris
577 1333 681 1373 alios
722 1333 852 1374 libros
891 1334 1049 1375 exussit
1086 1337 1211 1387 atque
1249 1335 1291 1374 id
1327 1335 1465 1387 ipsum

134 1392 270 1431 denuo
302 1391 464 1443 placide
496 1394 630 1445 rogat,
662 1395 708 1431 ut
739 1392 814 1432 tris
845 1393 1030 1445 reliquos
1059 1393 1203 1433 eodem
1231 1393 1305 1433 illo
1331 1393 1466 1446 pretio

98 1461 117 1490 s
133 1452 253 1490 emat.
306 1448 558 1502 Tarquinius
586 1464 655 1490 ore
681 1451 764 1490 iam
792 1451 898 1490 serio
925 1454 1050 1504 atque
1076 1452 1299 1492 attentiore
1326 1452 1466 1492 animo

132 1508 198 1559 fit,
230 1522 319 1548 eam
353 1508 631 1548 constantiam
665 1509 1045 1562 confidentiamque
1077 1524 1162 1549 non
1193 1511 1365 1563 insuper
1395 1509 1467 1550 ha-

132 1567 310 1607 bendam
345 1567 572 1621 intellegit,
608 1567 738 1607 libros
770 1568 845 1608 tris
877 1568 1061 1621 reliquos
1094 1571 1302 1609 mercatur
1332 1568 1465 1608 nihilo

132 1626 293 1665 minore
324 1625 479 1678 pretio,
516 1640 640 1678 quam
674 1627 787 1678 quod
819 1630 907 1667 erat
938 1627 1117 1680 petitum
1150 1641 1225 1680 pro
1260 1627 1465 1667 omnibus.

98 1696 116 1725 9
134 1683 215 1725 Sed
247 1699 337 1724 eam
371 1685 587 1724 mulierem
620 1687 721 1725 tune
752 1700 776 1725 a
801 1685 1029 1738 Tarquinio
1063 1686 1290 1739 digressam
1320 1689 1466 1739 postea

76 1754 117 1783 10
132 1757 339 1796 nusquam
371 1742 453 1783 loci
484 1743 616 1783 visam
650 1744 849 1784 constitit.
906 1743 1020 1784 Libri
1052 1747 1135 1784 tres
1166 1744 1210 1784 in
1239 1744 1464 1785 sacrarium

227 1886 245 1914 3
278 1881 357 1916 Val.
387 1881 481 1914 MaX.
508 1881 541 1914 II
567 1885 597 1923 4,
623 1885 642 1914 5
662 1881 764 1915 Paul.
784 1894 817 1926 p.
841 1886 895 1923 84,
918 1886 955 1925 63
981 1886 1035 1923 93,
1059 1886 1100 1915 13
1128 1882 1221 1915 GLK
1241 1882 1307 1916 VII
1328 1886 1404 1923 125,
1426 1886 1463 1926 93

132 1933 211 1969 ΥΕ),
233 1932 293 1971 243
321 1932 398 1968 301,
420 1932 463 1961 ⁴27
607 1932 715 1971 Ssqq.
739 1928 842 1962 Dion.
865 1929 945 1962 Hal.
967 1929 1016 1962 IV
1037 1933 1079 1962 62
1101 1928 1242 1973 (Varro)
1268 1929 1361 1963 Plin.
1381 1929 1464 1962 XIII

135 1979 188 2018 13,
209 1979 251 2009 88
272 1975 428 2019 Appian.
452 1975 496 2008 de
516 1985 590 2019 reg.
606 1975 646 2009 fr.
664 1980 683 2008 9
705 1975 799 2009 Serv.
815 1977 856 2009 A.
873 1976 935 2019 (ΠΙ
947 1978 1028 2019 445)
1048 1976 1097 2009 VI
1112 1979 1171 2017 363
1188 1980 1229 2009 72
1246 1975 1356 2009 Solin.
1372 1976 1405 2008 H
1421 1980 1462 2009 17

133 2023 299 2067 (August,
322 2022 386 2056 eiv.
408 2022 467 2055 dei
487 2022 603 2054 XVIII
623 2024 680 2065 23)
701 2022 866 2056 Laetant.
885 2023 900 2055 I
921 2027 952 2065 6,
976 2026 1017 2056 10
1038 2023 1180 2065 (Varro)
1199 2022 1282 2056 Isid.
1299 2023 1381 2056 VIII
1395 2026 1426 2065 8,
1443 2027 1464 2056 5

132 2069 220 2113 Lyd.
243 2070 288 2102 de
307 2080 418 2102 mens⁴
441 2069 490 2102 IV
510 2073 553 2102 34
575 2071 645 2113 (47)
667 2069 793 2103 Zonar.
815 2069 881 2102 VH
904 2074 943 2103 11
967 2069 1065 2103 Suid.
1089 2069 1134 2102 al.

226 2201 245 2230 3
270 2197 394 2240 putari
421 2211 446 2230 ω
471 2200 474 2240 l
497 2197 535 2229 id
561 2208 589 2231 e.
612 2209 644 2231 n.
666 2199 747 2232 eicit
770 2199 881 2232 Hertz
901 2200 911 2242 ΙΙ
932 2202 973 2231 11
1001 2209 1072 2241 quo
1100 2198 1210 2241 (quod
1236 2199 1274 2239 P)
1301 2208 1379 2231 sese
1405 2211 1431 2230 ω
1456 2198 1459 2243 Ι

132 2244 227 2278 uelle
253 2243 347 2277 dixit
370 2247 434 2277 RV
454 2246 464 2287 Η
486 2248 527 2277 15
553 2244 619 2277 hec
646 2245 735 2287 quid
760 2248 789 2277 V
815 2245 845 2278 si
864 2249 889 2278 P
908 2247 919 2289 ΙΙ
940 2249 981 2278 19
1009 2244 1190 2278 combusit
1207 2248 1237 2277 R
1255 2246 1266 2288 Η
1286 2248 1329 2277 20
1354 2246 1463 2289 rogat

131 2292 186 2337 ut]
206 2295 231 2324 P
256 2291 407 2335 rogatus
433 2291 516 2333 R²V¹
539 2292 707 2335 rogatam
732 2291 815 2324 Rv²
834 2294 844 2334 ξι
865 2296 907 2325 25
933 2302 1116 2335 egressam
1140 2295 1171 2324 R.

1492 825 1526 849 10

1490 1117 1523 1141 15

1488 1409 1522 1434 20

1485 1702 1519 1727 25
