1611 2474
153 55 238 94 284
714 54 777 87 vu
806 55 880 99 (vi)
907 60 925 88 ει

120 163 252 203 5111116
287 162 521 202 definitioni
554 162 612 202 ita
644 162 908 215 obstrepunt:
949 161 1008 203 ‘Si
1042 161 1315 216 Chrysippus’
1350 164 1483 216 inqui-

155 224 231 261 unt
276 221 378 261 ‘fato
423 223 544 273 putat
588 221 728 260 omnia
770 221 929 260 moveri
970 224 1011 261 et
1047 222 1136 275 regi
1174 235 1249 261 nec
1288 222 1484 262 declinari

155 279 475 331 transcendique
514 293 635 331 posse
668 279 836 332 agmina
866 279 942 319 fati
975 282 1016 320 et
1051 281 1278 331 volumina,
1316 284 1487 334 peccata

156 352 323 391 quoque
367 337 585 377 hominum
631 341 671 377 et
715 337 866 378 delicta
909 352 993 378 non
1038 339 1314 379 suscensenda
1352 354 1486 392 neque

156 397 388 436 inducenda
414 399 511 436 sunt
538 396 638 448 ipsis
666 396 1037 449 voluntatibusque
1063 411 1220 449 eorum,
1252 398 1323 437 sed
1349 411 1485 438 neces-

156 456 269 495 sitati
297 455 460 495 cuidam
484 458 525 494 et
545 455 780 507 instantiae,
806 469 911 507 quae
933 456 1066 495 oritur
1085 470 1135 495 ex
1154 456 1271 508 fato’⁷
1298 457 1485 496 omnium

156 528 262 566 quae
300 514 354 553 sit
391 527 528 553 rerum
568 513 737 553 domina
775 517 815 553 et
848 514 1020 566 arbitra,
1058 529 1132 567 per
1163 529 1286 567 quam
1321 528 1487 555 necesse

156 573 209 612 sit
241 572 342 623 11611,
375 572 574 624 quioquid
606 572 795 611 futurum
822 575 900 625 est3
933 575 974 612 et
999 576 1220 625 propterea
1246 573 1485 613 nocentium

157 645 311 683 poenas
343 630 507 684 legibus
542 631 681 683 inique
714 631 974 683 constitutas,
1007 632 1038 670 si
1069 631 1259 671 homines
1286 632 1336 671 ad
1364 631 1486 671 male-

155 690 250 729 ficia
282 703 367 729 11011
399 692 547 742 sponte
580 690 771 741 veniunt,
803 690 873 729 sed
905 690 992 729 fato
1025 689 1258 730 trahuntur.

122 760 140 788 13
246 746 402 788 Contra
439 762 487 787 ea
521 747 833 801 Chrysippus
872 748 1053 788 tenuiter
1092 748 1224 788 multa
1262 752 1302 788 et
1340 752 1487 802 argute

157 807 338 859 disserit3
377 807 447 846 sed
487 807 673 846 omnium
712 807 815 859 1616,
853 821 958 859 quae
997 821 1122 860 super
1156 821 1202 846 ea
1234 823 1276 847 re
1310 808 1489 859 scripsit,

122 865 445 906 Thuiuscemodi
479 865 685 905 sententia
717 868 779 905 est
812 868 880 917 (fr.
907 869 961 905 30
991 865 1078 909 G.):
1119 864 1396 917 ‘Quamquam
1431 866 1488 904 ita

157 924 236 976 sit‚’
272 924 408 976 inquit
442 924 503 963 ‘ut
534 925 695 963 ratione
728 924 905 976 quadam
940 924 1170 964 necessaria
1200 928 1240 964 et
1267 924 1487 977 principali

156 985 301 1022 coacta
338 986 462 1035 atque
502 996 658 1022 conexa
697 982 780 1022 61111
817 983 904 1022 fato
945 983 1102 1035 onmia,
1144 983 1310 1036 ingenia
1348 986 1487 1022 tamen

157 1042 247 1094 ipsa
291 1041 493 1081 mentium
538 1044 775 1080 nostrarum
821 1042 995 1094 proinde
1034 1044 1131 1081 sunt
1167 1041 1255 1081 fato
1295 1041 1489 1093 obnoxia,

121 1103 202 1139 6111
235 1100 468 1152 proprietas
501 1114 644 1139 eorum
678 1102 740 1139 est
766 1100 856 1152 ipsa
882 1103 923 1140 et
949 1100 1140 1152 qualitas.
1195 1099 1303 1139 Nam
1332 1101 1366 1139 si
1393 1103 1490 1139 611111

156 1172 230 1211 per
254 1162 444 1198 naturam
466 1159 661 1211 primitus
682 1158 905 1198 salubriter
924 1159 1166 1211 utiliterque
1186 1159 1295 1210 ficta,
1323 1172 1487 1198 omnem

158 1217 272 1257 illam
306 1217 403 1269 vini,
435 1231 541 1270 quae
570 1217 619 1256 de
644 1217 731 1257 fato
759 1217 1016 1257 extrinsecus
1043 1217 1212 1271 ingruit,
1245 1217 1489 1257 inoffensius

156 1276 501 1328 tractabiliusque
540 1276 842 1316 transmittunt.
906 1274 980 1315 Sin
1012 1290 1109 1315 vero
1142 1278 1239 1315 611111
1271 1290 1417 1328 aspera
1449 1278 1489 1315 et

157 1335 306 1374 inscita
339 1337 379 1374 et
410 1335 529 1374 rudia
561 1333 771 1387 nullisque
804 1335 957 1374 artium
991 1334 1193 1374 bonarum
1225 1334 1488 1374 adminiculis

155 1393 273 1439 fulta,
310 1393 470 1441 etiamsi
506 1407 634 1445 parvo
668 1394 753 1432 sive
785 1392 902 1432 nullo
934 1394 1074 1433 fatalis
1107 1392 1361 1432 incommodi
1394 1406 1488 1432 con-

156 1452 273 1491 flictu
317 1454 562 1504 urgeantur,
606 1466 681 1491 sua
723 1454 863 1491 tamen
908 1452 1132 1491 scaevitate
1173 1454 1213 1491 et
1250 1450 1488 1491 voluntario

122 1511 317 1562 eimpetu
357 1511 395 1549 in
433 1510 598 1549 assidua
631 1510 782 1549 delicta
813 1513 854 1550 et
887 1511 928 1549 in
962 1524 1118 1549 errores
1152 1524 1194 1549 se
1226 1512 1364 1549 ruunt.
1426 1508 1488 1548 Id-

158 1583 237 1622 que
276 1570 413 1621 ipsum
452 1571 499 1608 ut
537 1582 583 1608 ea
620 1569 782 1608 ratione
814 1568 904 1621 fiat,
942 1569 1143 1608 naturalis
1176 1568 1248 1607 illa
1280 1571 1320 1608 et
1352 1581 1488 1608 neces*

158 1628 265 1667 saria
302 1641 440 1667 rerum
480 1627 779 1679 consequentia
816 1627 963 1679 efficit,
1003 1641 1107 1679 quae
1140 1626 1271 1666 fatum
1309 1629 1488 1666 vocatur.

100 1698 142 1728 10
158 1685 234 1726 Est
273 1686 382 1725 enim
423 1699 573 1738 genere
611 1686 702 1738 ipso
742 1686 859 1738 quasi
897 1685 1024 1725 fatale
1056 1689 1096 1724 61
1129 1698 1406 1737 consequens,
1443 1688 1490 1724 ut

157 1745 268 1784 mala
299 1744 467 1797 ingenia
499 1745 680 1797 peccatis
714 1747 754 1784 61
786 1744 995 1783 erroribus
1028 1758 1113 1783 non
1144 1744 1317 1783 vacent.’

101 1815 139 1844 11
245 1802 382 1843 Huius
416 1803 563 1842 deinde
593 1803 653 1842 rei
685 1803 878 1855 exemplo
910 1816 995 1842 non
1026 1803 1164 1841 hercle
1196 1802 1320 1841 nimis
1352 1802 1488 1841 alieno

156 1876 291 1914 neque
336 1861 521 1913 inlepido
561 1862 693 1901 utitur
732 1863 800 1913 (fr.
826 1864 879 1901 3]
909 1861 990 1907 G.).
1055 1859 1201 1900 ‘Siout’
1243 1861 1378 1912 inquit
1418 1861 1490 1899 ‘la-

158 1920 295 1972 pidem
348 1920 583 1973 cylindrum
635 1921 667 1959 si
718 1934 792 1972 per
835 1920 970 1972 spatia
1013 1922 1145 1958 terrae
1189 1933 1322 1972 prona
1365 1921 1490 1971 atque

251 2038 293 2067 21
327 2034 443 2067 Amm.
472 2033 620 2067 XXVIII
650 2038 677 2074 1,
706 2038 726 2066 4
876 2037 919 2066 30
935 2041 1011 2076 sqq.
1040 2033 1111 2067 Cic.
1134 2033 1178 2066 de
1198 2032 1275 2066 fato
1297 2032 1377 2065 XIX
1398 2036 1441 2065 43

158 2084 197 2113 31
227 2081 343 2113 Amm.
366 2080 447 2113 XXI
471 2085 522 2123 10,
544 2085 563 2113 4

252 2190 294 2219 14
326 2186 531 2220 necessario
559 2199 584 2218 ω
616 2197 705 2220 corr.
725 2186 802 2219 edd,
825 2189 899 2219 vett.
927 2187 937 2229 ΙΙ
964 2189 1006 2218 24
1038 2196 1157 2218 errore
1187 2186 1337 2218 seruunt
1363 2185 1489 2226 (serui-

156 2235 223 2267 unt
248 2235 286 2276 P)
313 2247 339 2266 ω
365 2244 452 2267 corr.
478 2233 561 2273 G2·.;
594 2244 641 2266 (m
668 2243 804 2266 errores
830 2232 1000 2265 irruunt?
1025 2234 1036 2276 Η
1062 2236 1103 2265 29
1135 2232 1186 2265 161
1214 2243 1234 2264 σ
1259 2231 1334 2264 fieri
1362 2244 1388 2264 ω
1415 2230 1490 2264 fere

156 2281 208 2314 rei
230 2281 340 2314 Hertz
364 2282 367 2324 l
391 2280 510 2313 aliene
532 2294 558 2312 ω

1509 708 1541 732 10

1510 1000 1542 1024 15

1509 1292 1543 1316 20

1510 1584 1543 1608 25

1509 1876 1544 1900 30
