1602 2484
432 69 663 104 CAI‘ITVLA
694 69 780 104 Lm.
807 69 933 104 XYIH.
962 70 1041 103 XIX
1353 72 1405 111 37

65 176 113 217 de
152 177 352 230 loquendi
392 177 667 230 proprietate,
713 192 856 230 quenl,
901 193 993 218 cum
1036 179 1193 231 ederet,
1235 192 1406 219 cornuin

64 250 152 276 esse
192 236 347 289 (fopiae
387 236 569 288 dicebat,
614 251 697 276 reni
741 238 910 290 scripsit
947 251 1083 290 neque
1123 238 1234 277 dictu
1275 252 1410 290 neque

63 295 206 334 auditu
255 295 444 349 dignam,
489 308 582 334 euni
625 296 790 335 differre
831 296 1099 336 ‘matronam’
1138 299 1179 336 et
1217 296 1408 336 ‘matrem

63 353 262 393 saniilias’
296 354 554 393 existimavit
587 354 822 394 differentia
854 356 981 408 longe
1014 355 1250 395 vanissima.

151 410 228 451 Vl]
275 411 406 460 Quem
442 413 485 452 in
518 413 690 452 modum
722 408 956 452 Favorinus
989 414 1231 453 tractaverit
1264 414 1411 453 inteni-

63 470 275 524 pestivum
316 472 523 523 quendam
563 472 612 511 de
645 471 867 511 verborum
904 472 1255 526 ambiguitatibus
1290 486 1412 524 quae-

13 566 14 570 ,
62 532 242 574 rentem:
281 532 407 583 atque
440 528 516 575 ibi,
553 532 657 582 quot
689 530 1020 583 significationes
1054 531 1192 584 capiat
1225 530 1410 571 ‘conti0⁷.

151 586 253 627 VIII
269 586 593 641 Ὁμοιοτῑ-’λεντα
615 590 655 628 et
676 587 948 642 ὁμοιόπτωτα
968 592 1093 642 atque
1115 590 1195 629 alia
1212 590 1253 629 id
1268 604 1413 643 genus,

63 660 169 698 quae
204 650 450 686 ornamenta
484 647 686 687 orationis
714 650 928 700 putantur,
961 649 1103 701 inepta
1132 663 1220 688 esse
1248 652 1289 688 et
1315 663 1412 702 pue-

63 705 157 745 rilia
190 704 327 745 Lucili
362 719 530 758 quoque
564 706 753 745 versilus
788 707 999 746 declarari.

150 762 209 803 IX
255 763 364 812 Quid
403 764 614 818 significet
652 766 763 817 apud
802 764 856 804 M.
885 764 1086 805 Catonem
1122 765 1297 806 verbum
1338 765 1413 805 ‘in-

62 822 272 874 secenda'3
294 823 491 875 quodque
514 822 767 863 einseeenda'
789 824 931 876 potius
951 824 1175 878 legendum
1201 824 1254 864 sit
1275 838 1413 877 quam,

62 881 175 934 quod
207 881 398 935 plerique
431 882 694 933 existimant,
727 882 1028 934 ‘insequenda’.

149 938 188 979 X
232 938 384 980 Errare
423 941 544 991 istos,
585 941 655 993 qui
695 941 739 980 in
777 941 1035 994 exploranda
1071 941 1179 981 febri
1211 956 1412 982 venarum

62 998 210 1051 pulsus
244 999 519 1052 pertemptari
552 1002 723 1052 putant,
755 1013 840 1039 non
873 1000 1133 1040 arteriarum.

149 1055 209 1096 XI
260 1055 401 1097 Verba
446 1072 495 1098 ex
541 1057 799 1098 carminibus
838 1057 939 1098 Furi
977 1057 1164 1098 Antiatis
1203 1059 1352 1099 inscite
1390 1073 1414 1099 a.

63 1113 268 1156 Caesellio
296 1114 475 1156 Vindice
505 1115 776 1169 reprehensa3
809 1131 1037 1169 versusque
1065 1118 1157 1170 ipsi,
1190 1117 1234 1157 in
1260 1117 1414 1170 quibus

64 1188 112 1214 ea.
144 1173 271 1214 verba
305 1177 420 1226 sunt⁷
454 1174 693 1228 subscripti.

149 1231 231 1272 XII
281 1230 443 1273 Morem
488 1234 616 1273 istum
663 1233 874 1274 veteribus
920 1235 1076 1273 nostris
1118 1235 1248 1274 fuisse
1287 1234 1414 1275 verba

62 1291 252 1344 patiendi
286 1295 448 1332 mutare
481 1306 529 1332 ae
562 1295 723 1332 vertere
756 1293 800 1332 in
832 1293 983 1346 agendi
1016 1293 1201 1333 modum.

151 1347 253 1390 XIII
299 1349 423 1398 Quali
461 1350 619 1390 talione
652 1349 866 1405 Diogenes
905 1350 1188 1404 philosophus
1226 1365 1327 1391 usus
1360 1352 1415 1391 sit

61 1410 370 1462 pertemptatus
415 1424 438 1448 a
483 1409 702 1449 dialectico
749 1410 931 1461 quodam
976 1409 1256 1463 sophismatio
1295 1411 1415 1463 inpu-

65 1467 190 1507 denti.
1255 1477 1258 1479 ’

149 1523 252 1565 XIV
291 1524 401 1574 Quid
434 1526 488 1566 sit
513 1540 714 1566 numerus
742 1525 1010 1578 ‘hemiolios’‚
1044 1527 1145 1579 quid
1172 1526 1414 1580 ‘epitritos’3

63 1586 104 1624 et
136 1584 250 1636 quod
282 1584 489 1624 voeabula
521 1585 601 1624 ista
633 1599 718 1624 non
751 1584 874 1625 facile
907 1586 1042 1625 nostri
1075 1586 1166 1626 ausi
1194 1588 1292 1626 sunt
1318 1599 1413 1626 con-

65 1645 227 1682 vertere
261 1643 305 1682 in
336 1643 527 1697 linguam
560 1642 768 1683 Latinam.

151 1699 231 1741 XV
265 1700 387 1749 Quod
412 1699 466 1741 M.
494 1700 630 1742 Varro
664 1702 707 1741 in
739 1701 879 1742 herois
909 1702 1099 1742 versibus
1128 1702 1413 1743 observaverit

62 1773 148 1799 rem
184 1760 310 1800 nimis
343 1761 492 1800 anxiae
525 1763 566 1800 et
599 1761 788 1800 curiosae
822 1760 1141 1801 observationis.

237 1897 610 1967 <CAP1TVLAgJ
621 1901 791 1948 LIBRI
829 1901 990 1948 NONI
1027 1901 1249 1949 DECIMI

152 1991 171 2032 I
203 1991 441 2046 Responsio
475 1994 692 2033 cuiusdam
719 1993 966 2048 philosophi
992 1995 1254 2049 interrogati,
1286 2009 1412 2047 quam

66 2050 119 2091 ob
153 2065 321 2092 causam
355 2052 483 2092 maris
515 2054 767 2105 tempestate
800 2053 1009 2106 palluerit.

152 2107 192 2149 II
240 2108 308 2149 Ex
352 2111 539 2163 quinque
583 2111 772 2164 corporis
815 2111 1006 2152 sensibus
1045 2111 1150 2152 duos
1190 2126 1279 2152 esse
1316 2125 1412 2152 cum

64 2167 200 2208 beluis
232 2169 415 2209 maxime
448 2182 712 2221 communes3
748 2169 945 2222 quodque
977 2171 1113 2223 turpis
1146 2172 1188 2210 et
1218 2170 1413 2223 improba

65 2228 128 2266 est
159 2227 369 2280 voluptas,
402 2241 508 2280 quae
535 2242 585 2267 ex
612 2228 771 2280 auditu,
803 2228 895 2268 visu
923 2228 1185 2281 odoratuque
1211 2229 1412 2282 procedit,

67 2297 173 2336 quae
204 2298 303 2325 vero
337 2300 387 2326 ex
420 2289 547 2340 gustu
579 2288 780 2339 tactuque
812 2289 893 2339 est,
928 2301 1069 2327 rerum
1103 2287 1293 2328 omnium
1326 2287 1412 2327 foe-
