1602 2484
608 75 700 108 1¹sz
709 75 731 108 κ]
740 74 877 108 FA'rIs»
1336 76 1408 108 mx

69 186 230 224 consilio
270 186 307 223 id
343 186 461 224 tribui
495 186 595 223 haud
629 187 742 224 facile
776 190 913 236 potest.
977 187 1107 236 Atque
1140 188 1285 237 optime
1318 201 1406 225 con<

69 246 188 293 venit,
220 244 323 294 quod
355 246 540 282 divinatio
572 246 611 282 in
643 245 743 283 libro
776 248 893 284 tertio
926 247 1053 295 operis
1086 247 1179 293 eius,
1213 250 1335 283 restare
1368 248 1407 284 in

68 306 232 354 septimo
260 307 441 342 enarrata
467 305 705 354 legebantur.
762 305 963 351 Podarces,
995 307 1028 343 si
1057 306 1159 343 tanti
1186 307 1255 352 est,
1287 307 1407 343 etiam

68 363 171 413 apud
212 364 389 400 Verrium
430 363 545 400 verbo
577 376 723 411 parcus
761 364 1029 411 antecedebat,
1068 364 1172 413 quod
1210 378 1253 401 ex
1293 365 1406 402 Pauli

62 423 249 469 pedarius
287 417 340 473 (p.
377 419 478 474 ⁶210)
524 425 562 460 et
598 425 748 470 parcito
789 425 959 470 linquam
1000 418 1053 475 (p.
1089 419 1191 475 222)
1230 424 1404 474 colligas.

67 480 166 518 Aliis
194 483 232 518 in
260 481 444 528 fontibus,
478 495 523 518 ne
553 482 715 519 imbrem
742 483 782 519 in
809 482 977 519 cribrum
1005 484 1191 533 ingeram,
1224 496 1301 520 non
1329 484 1405 519 iam

66 540 256 578 morabor.

155 670 210 707 De
243 672 405 716 ratione,
438 684 555 718 quam
587 671 627 707 in
659 671 731 708 hac
763 671 934 708 editione
964 674 1117 709 secutus
1144 684 1239 719 sum,
1273 673 1403 709 omnia

66 729 143 766 fere
190 730 268 766 iam
313 731 519 778 praecepta
563 732 664 767 sunt.
738 730 987 779 Apparatum
1029 730 1181 768 Hertzii
1225 731 1404 769 criticum

65 790 279 825 correctum
324 802 367 825 ex
407 788 684 826 additamentis
724 785 913 841 Kuhniil)
952 790 991 826 in
1030 791 1195 827 artiores
1233 802 1403 827 carceres

64 847 194 896 redegi
226 847 387 885 abiectis
419 859 540 896 paene
573 847 764 894 omnibus,
796 861 895 897 quae
925 848 974 885 ad
1000 850 1246 896 quaestiones
1273 850 1405 887 ortho-

63 907 268 955 graphicas
295 908 485 956 spectant,
511 908 713 956 praeterea
739 907 865 944 verbis
893 909 1030 956 aperta
1055 908 1206 945 incuria
1233 910 1271 944 et
1297 909 1402 946 festi-

63 966 221 1002 natione
254 965 504 1003 librariorum
536 965 782 1013 deformatis,
821 967 990 1013 omissis,
1026 968 1294 1015 transpositis,
1328 969 1405 1005 nisi

62 1024 156 1061 haec
194 1024 243 1062 ad
280 1026 663 1074 consanguinitatem
701 1025 877 1063 codicum
912 1025 1219 1075 cognoscendam
1252 1025 1403 1074 aliquid

62 1085 250 1120 momenti
294 1084 553 1121 conserebant.
622 1084 667 1120 In
708 1085 1008 1134 orthographia,
1052 1084 1120 1121 ubi
1157 1098 1226 1122 nec
1264 1086 1403 1134 palim-

62 1144 213 1191 psestus
252 1155 320 1179 nec
356 1143 497 1190 reliqui
529 1143 620 1180 libri
652 1143 766 1181 duces
799 1145 890 1181 sunt
921 1144 1099 1189 stabiles,
1138 1146 1284 1181 certam
1315 1157 1403 1181 nor-

62 1213 166 1238 mam
198 1215 275 1239 non
307 1203 419 1238 anxie
451 1203 575 1251 pressi
606 1214 653 1239 ne
685 1201 810 1240 Gellio
844 1202 1002 1251 quidem
1033 1216 1055 1239 a
1088 1202 1273 1249 fontium,
1306 1216 1402 1251 quos

62 1261 318 1309 exprimebat,
358 1263 401 1297 ut
439 1263 668 1310 argumento
707 1262 764 1298 ita
802 1261 995 1299 scribendi
1033 1263 1184 1299 ratione
1217 1262 1403 1311 pendenti

61 1319 160 1357 hanc
192 1320 411 1357 constitisse
441 1322 559 1357 ratus.
618 1319 868 1358 Coniecturas
895 1322 1068 1358 virorum
1094 1320 1297 1358 doctorum
1323 1323 1400 1358 iam

61 1378 164 1427 apud
185 1378 387 1416 Hertzium
413 1380 608 1416 exstantes
635 1392 712 1416 non
738 1379 886 1428 protuli
911 1381 987 1417 nisi
1007 1379 1276 1429 gravissimas,
1303 1393 1402 1428 quae

61 1438 150 1486 post
175 1450 259 1474 eum
289 1439 462 1475 tentatae
488 1440 589 1485 sunt,
621 1438 789 1488 largiore
816 1451 933 1476 manu
960 1439 1118 1487 profudi
1143 1440 1299 1476 tantum
1325 1452 1402 1476 non

61 1509 203 1534 omnes.
267 1496 308 1534 Si
346 1497 555 1534 nonnullae
590 1497 721 1535 oculos
754 1498 1020 1546 conquirentis
1052 1495 1255 1547 fugerunt,
1292 1499 1400 1548 igno-

61 1557 178 1602 scent,
210 1556 279 1604 qui
310 1555 642 1593 consideraverint
672 1556 770 1594 tales
799 1557 943 1594 multas
969 1557 1091 1594 latere
1117 1569 1194 1594 non
1220 1556 1334 1595 modo
1361 1559 1401 1593 in

61 1613 411 1662 dissertationibus,
447 1628 546 1663 quae
578 1628 719 1652 nomen
751 1614 869 1653 Gellii
900 1616 1032 1665 palam
1064 1628 1157 1664 prae
1188 1628 1227 1653 se
1259 1616 1401 1662 ferunt,

61 1673 126 1710 sed
152 1674 271 1710 etiam
297 1673 337 1710 in
363 1675 465 1711 notis
493 1674 541 1711 ad
567 1674 788 1724 fragmenta
813 1675 1088 1721 scaenicorum,
1114 1675 1401 1717 historicorum,

61 1734 260 1769 oratorum
286 1735 356 1769 etc.
390 1733 557 1782 scriptis,
592 1745 687 1781 quas
720 1735 764 1770 ut
795 1746 927 1770 omnes
959 1734 1238 1783 investigarem
1269 1735 1308 1771 et
1339 1746 1400 1770 ex-

60 1792 247 1837 cuterem,
285 1791 368 1828 fieri
406 1792 469 1828 vix
508 1786 686 1843 potuit.²')
754 1792 961 1830 Praeterea
996 1793 1215 1830 monuerim
1253 1793 1317 1841 agi
1355 1792 1401 1830 de

60 1848 230 1887 editione
268 1848 401 1897 Gellii,
445 1863 523 1888 non
563 1851 721 1888 illorum
759 1852 994 1900 scriptorum
1031 1853 1223 1899 veterum,
1266 1852 1400 1900 itaque

60 1921 145 1946 meo
177 1908 260 1946 iure
292 1909 477 1958 praeterii
505 1922 569 1947 eas
596 1909 849 1957 coniecturas,
881 1922 980 1958 quae
1007 1922 1094 1947 cum
1119 1910 1208 1948 illos
1234 1910 1400 1948 fortasse

60 1969 163 2004 recte
195 1968 416 2015 emendent,
453 1967 621 2006 Gellium
652 1970 785 2006 tamen
817 1969 932 2006 aliter
963 1981 1002 2006 se
1034 1969 1160 2019 legere
1192 1969 1399 2006 manifesto

60 2025 298 2064 indicantem
336 2027 585 2076 interpolent.
649 2026 825 2064 Similem
863 2027 909 2065 ob
949 2040 1108 2065 causam
1141 2028 1181 2064 in
1214 2029 1398 2077 exemplis

60 2085 192 2123 allatis
235 2086 420 2123 lectiones
464 2087 505 2123 in
549 2088 698 2124 textum
741 2086 985 2136 recipiendae
1023 2090 1135 2124 erant
1172 2099 1256 2134 eae,
1301 2100 1399 2135 quae

157 2222 189 2263 1)
215 2220 391 2255 Fleckeis.
414 2232 496 2255 ann.
518 2221 637 2266 suppl.
659 2221 742 2255 XX]
769 2221 915 2266 Lipsiae
938 2226 1027 2256 1894
1047 2234 1080 2266 p.
1105 2227 1121 2256 1
1138 2234 1215 2266 sqq.

156 2269 189 2311 2>
215 2267 327 2302 Verbi
364 2279 475 2303 causa
513 2269 559 2304 de
579 2268 744 2303 'oraculo
782 2269 951 2304 Arretino
984 2269 1048 2314 (m
1068 2273 1105 2312 ὃ,
1132 2272 1166 2313 8)
1199 2269 1400 2304 Buecheler

63 2313 230 2357 disputat
257 2315 295 2348 in
321 2315 506 2350 Thesauro
532 2315 683 2361 linguae
709 2315 863 2351 Latinae
889 2315 921 2349 H
940 2329 974 2361 p.
998 2319 1076 2359 636,
1097 2320 1127 2350 9.
