1611 2474
135 89 147 98 ,
192 46 276 87 206
754 46 803 81 IV
832 50 890 88 173
920 51 960 80 is

193 168 375 194 morem
413 153 738 207 Pyrenaeum,
783 168 876 208 quo
915 154 1102 207 proicit
1140 155 1189 194 in
1226 155 1390 195 altum.
1458 154 1520 195 Et

192 211 439 253 Pacuvius
472 213 572 253 item
605 213 647 252 in
680 212 866 266 Chryse
900 220 950 264 (v.
971 216 1026 253 94
1041 211 1145 266 ΒΡ)

248 292 375 334 'Idae
418 295 839 347 promunturium,
883 295 1022 335 cuius
1066 294 1239 349 lingua
1276 295 1326 334 in
1363 295 1517 334 altum

1031 354 1225 406 proicit.

782 469 923 510 XVIII
1556 488 1571 513 5

189 549 241 583 De
262 548 299 582 P.
321 548 494 583 Africano
521 550 706 593 superiore
733 552 879 594 sumpta
905 550 1085 594 quaedam
1108 561 1149 584 ex
1170 549 1363 583 annalibus
1383 561 1518 583 memo-

234 598 317 629 ratu
345 596 572 640 dignissima.

156 684 171 713 1
279 678 419 733 Scipio
452 679 676 721 Africanus
714 681 926 734 antiquior
961 684 1116 734 quanta
1148 681 1351 722 virtutum
1384 681 1518 735 gloria

189 739 444 791 praestiterit
470 742 511 779 et
537 754 661 792 quam
688 739 815 780 fuerit
840 740 949 779 altus
976 740 1103 780 animi
1125 743 1249 793 atque
1269 739 1516 794 magnificus

189 800 229 836 et
262 811 342 850 qua
375 798 438 837 sui
471 798 725 838 Conscientia
757 798 978 851 subnixus,
1012 799 1204 851 plurimis
1235 798 1377 851 rebus,
1410 813 1515 851 quae
1536 816 1571 840 10

153 856 293 896 2dixit
331 870 519 910 quaeque
556 856 672 909 fecit,
710 856 965 897 declaratum
1003 860 1074 897 est.
1138 857 1201 897 Ex
1235 856 1387 909 quibus
1419 859 1517 897 sunt

186 913 289 954 haec
339 915 420 954 duo
467 916 660 968 exempla
703 916 790 955 eius
834 916 1009 956 fiduciae
1053 918 1178 969 atque
1222 916 1517 968 exuperantiae

186 973 387 1027 ingentis:

153 1046 172 1075 3
277 1030 381 1072 Cum
407 1031 461 1071 M.
487 1031 671 1072 Naevius
704 1032 897 1072 tribunus
930 1032 1063 1085 plebis
1096 1034 1309 1073 accusaret
1341 1046 1435 1072 eum
1464 1032 1516 1072 ad

186 1091 391 1143 populum
431 1091 668 1143 diceretque
706 1091 914 1144 accepisse
951 1106 974 1131 a
1011 1104 1109 1144 rege
1146 1089 1356 1131 Antiocho
1394 1105 1515 1144 pecu-
1536 1109 1569 1133 15

185 1148 316 1202 niam,
348 1152 395 1189 ut
428 1149 743 1190 condicionibus
777 1149 971 1203 gratiosis
1004 1151 1045 1190 01
1076 1149 1274 1190 mollibus
1307 1164 1388 1202 pax
1421 1163 1515 1189 cum

186 1221 234 1247 eo
267 1208 414 1260 populi
440 1207 620 1248 Romani
651 1209 821 1248 nomine
853 1209 971 1248 fieret
1002 1211 1043 1248 et
1075 1208 1277 1261 quaedam
1306 1209 1407 1248 item
1434 1208 1515 1248 alia

186 1266 350 1306 crimini
378 1267 493 1307 daret
519 1266 691 1321 indigna
718 1267 789 1307 tali
817 1267 919 1319 viro,
939 1269 1028 1307 tum
1052 1265 1221 1320 Scipio
1248 1280 1380 1320 pauca
1400 1281 1515 1320 prae-

185 1324 307 1377 fatus,
341 1340 443 1376 quae
477 1325 657 1379 dignitas
684 1326 794 1366 vitae
821 1340 917 1366 suae
944 1327 1069 1378 atque
1096 1326 1230 1379 gloria
1256 1325 1513 1378 postulabat:

187 1383 429 1435 ‘meinoria‚'
458 1384 595 1436 inquit
617 1383 826 1436 Quirites,
851 1386 996 1437 repeto
1018 1384 1125 1424 diem
1147 1398 1235 1424 esse
1255 1383 1514 1439 hodiernum,
1534 1401 1568 1425 20

185 1456 268 1494 quo
292 1441 573 1482 Hannibalem
594 1442 781 1483 Poenum
809 1443 985 1495 imperio
1012 1445 1150 1483 vestro
1176 1443 1512 1482 inimicissimum

183 1514 337 1554 magno
370 1501 531 1553 proelio
564 1501 645 1541 vici
677 1502 720 1541 in
751 1504 861 1541 terra
886 1500 1030 1540 Africa
1062 1515 1289 1553 pacemque
1318 1503 1359 1541 et
1384 1501 1512 1541 victo-

182 1559 286 1598 riam
330 1559 449 1599 vobis
493 1560 636 1612 peperi
681 1559 1008 1612 inspectabilem.
1076 1558 1174 1599 Non
1216 1560 1345 1613 igitur
1383 1559 1512 1599 simus

182 1617 401 1657 adversum
435 1618 532 1658 deos
565 1611 803 1672 ingrati'et,
836 1631 994 1669 censeo,
1025 1618 1309 1670 relinquamus
1341 1617 1512 1658 nebulo-

182 1690 277 1716 nem
315 1677 443 1726 hunc,
481 1691 623 1717 eamus
658 1677 756 1717 hinc
789 1677 980 1730 protinus
1011 1675 1101 1716 Iovi
1134 1677 1294 1729 optimo
1325 1677 1510 1716 maximo
1531 1693 1565 1717 25

147 1749 167 1777 4
183 1735 467 1789 gratulatum.5
529 1734 575 1775 Id
608 1750 702 1776 011111
735 1735 925 1788 dixisset,
964 1735 1115 1775 avertit
1146 1738 1187 1775 et
1219 1735 1277 1775 ire
1309 1735 1360 1774 ad
1392 1734 1510 1788 Capi-

148 1793 333 1835 5tolium
371 1794 519 1847 coepit.
582 1793 689 1834 Tum
722 1795 860 1834 contio
892 1794 1098 1846 universa7
1131 1808 1235 1846 quae
1267 1793 1317 1833 ad
1350 1796 1510 1834 senten-

276 1924 318 1953 14
333 1932 409 1963 sqq.
437 1921 510 1953 Liv.
534 1920 715 1953 XXXVIII
735 1924 778 1953 50
793 1932 844 1963 sq.
869 1920 947 1953 Val.
964 1920 1058 1953 Max.
1074 1919 1122 1953 III
1138 1924 1167 1962 7,
1186 1924 1201 1953 1
1224 1920 1316 1953 Plut.
1333 1919 1508 1963 apophth.

180 1966 275 2046 »3125
295 1968 506 2048 Ιέέξῗίὲήξῧ.
524 1967 599 2010 Syr.
616 1971 658 2000 40
674 1968 758 2000 Aur.
774 1967 866 2000 Vict.
883 1979 912 2000 v.
930 1966 981 2000 ill.
998 1971 1041 2000 49
1058 1967 1194 2015 (Polyb.
1206 1966 1320 1999 XXIII
1337 1971 1388 2009 14,
1400 1971 1415 1999 1
1430 1977 1507 2010 sqq.

276 2134 289 2163 1
327 2142 416 2173 quos
443 2142 462 2164 σ
485 2131 487 2176 l
510 2131 658 2174 proiicit
685 2142 704 2168 ς
731 2132 849 2174 (etiam
876 2131 915 2163 in
944 2142 968 2163 Γ»
992 2133 1026 2174 4)
1052 2132 1063 2173 Η
1089 2134 1108 2163 3
1135 2130 1220 2164 Ι1130
1249 2130 1391 2163 Vossius
1416 2129 1455 2162 id
1481 2142 1508 2162 ω

178 2177 244 2210 Ida
270 2178 445 2211 Heinsius
467 2178 470 2222 Ι
494 2177 658 2221 linguam
685 2191 711 2210 ω
737 2189 824 2211 corr.
848 2180 896 2221 611
917 2181 958 2210 18
986 2178 1140 2210 crimina
1166 2190 1191 2209 ω
1218 2188 1304 2210 corr.
1327 2187 1346 2208 σ
1372 2176 1508 2209 iaceret

182 2225 243 2259 Gr.
265 2226 275 2267 Η
299 2228 338 2257 19
365 2224 479 2267 glorie
500 2228 561 2256 PR
579 2226 589 2267 11
611 2228 652 2257 22
676 2235 804 2267 pacem
824 2225 868 2257 V¹
890 2226 900 2267 Η
921 2228 963 2256 23
985 2223 1221 2267 spectabilem
1243 2223 1433 2266 Scioppius
1451 2223 1507 2256 in-

179 2271 399 2314 sperabilem
421 2283 440 2308 ς
461 2273 471 2314 Η
492 2274 534 2304 24
561 2282 732 2304 eccenseo
753 2275 781 2303 R
808 2282 862 2314 en,
884 2281 1012 2304 censeo
1034 2272 1144 2305 Hertz
1164 2272 1174 2314 ΕΙ
1195 2274 1236 2303 26
1259 2270 1320 2314 ad]
1340 2273 1365 2302 P
1384 2270 1421 2302 in
1441 2272 1507 2302 RV
