1602 2484
602 53 871 89 PRAEFATIO
1260 51 1408 84 XXXIII

68 170 185 216 desit,
224 181 299 206 non
337 167 498 204 dii-bium
538 169 596 204 est
634 179 757 214 neque
796 179 817 202 a
855 164 1015 202 librario
1051 164 1194 202 codicis
1227 158 1263 200 R
1297 164 1409 212 plane

70 230 266 273 reticetur,
287 239 332 263 ne
353 227 493 263 falsam
516 226 619 263 viam
639 226 806 272 inierim,
826 225 903 261 iarn
925 225 1053 261 timeo.
1099 223 1407 271 Theophrastum

70 288 198 337 ipsum
236 300 259 323 a
290 285 416 323 Gellio
455 287 672 333 inspectum
710 297 790 321 esse
829 296 1021 331 nusquam
1053 282 1311 320 demonstrari
1346 295 1411 329 po-

71 348 159 394 test,
192 347 320 394 potest
351 344 512 382 subinde
545 343 802 381 demonstrari
833 344 914 380 eius
942 343 1123 379 notitiam
1152 354 1219 390 per
1245 341 1409 377 alterum

72 407 331 455 propagatam
368 416 467 451 esse,
505 404 559 441 sic
596 402 611 439 I
645 405 682 449 ὃ,
717 403 769 439 lo
808 402 863 438 VI
891 405 927 448 8,
956 404 978 438 2
1014 400 1105 437 XVI
1133 401 1198 437 15.
1267 399 1409 437 Eodem

73 464 185 502 modo
211 464 273 501 hic
300 475 453 511 quoque
480 462 607 499 aliena
634 474 703 511 pro
731 462 809 498 suis
836 460 983 498 Gellius
1011 459 1240 497 venditavit.
1291 459 1413 495 Theo-

73 523 225 572 phrasti
257 522 302 558 de
333 521 428 559 artis
455 521 622 558 musicae
650 520 688 557 vi
715 521 931 557 doctrinam
959 522 1113 568 praeter
1138 531 1225 555 eum
1252 517 1415 563 Plinius,

25 593 26 596 ’
72 582 308 628 Athenaeus,
333 581 562 627 Martianus,
592 579 820 617 Eustathius
847 580 1030 615 referunt.
1082 579 1156 622 Qui
1183 591 1269 615 cum
1290 589 1414 624 neque

73 641 174 679 alter
205 653 248 678 ex
282 640 405 677 altero
430 639 632 676 hauserint
659 652 780 686 neque
808 650 939 675 omnes
966 651 1007 674 ex
1036 638 1120 686 ipso
1148 636 1416 686 peripatetico,

74 700 223 737 medius
250 700 337 748 quis
364 699 525 745 exstitit,
557 699 620 736 cui
645 710 714 735 sua
740 698 915 734 debeant.
974 696 1065 733 XVI
1089 698 1138 732 15
1167 708 1265 744 quae
1293 695 1415 732 Thoo-

74 759 257 808 phrastus
284 758 393 801 dixit,
420 760 579 805 accepta
605 759 698 794 sunt
723 769 746 793 a
769 756 979 803 Favorino,
1006 757 1125 792 etiam
1151 755 1213 792 hic
1239 766 1416 791 nummos

76 819 232 855 moneta
264 817 461 866 sophistae
494 828 693 865 percussos
723 814 870 853 Gellius
903 827 1106 852 numerare
1140 813 1302 851 videtur.
1360 813 1417 849 De

76 877 345 925 Theophrasto
367 875 470 924 apud
491 875 729 912 Favorinum
749 875 810 911 vd.
833 874 944 923 Diog.
965 873 1006 910 L.
1028 873 1126 910 VIII
1144 876 1178 920 1,
1198 875 1249 910 25
1266 867 1360 923 (4⁸)
1374 868 1417 922 ¹),

77 936 123 972 de
154 937 234 972 eius
261 935 475 972 Democriti
502 934 722 984 cognitione
749 933 810 970 vd.
831 933 881 970 ad
901 933 934 968 V
958 935 981 969 3
1010 933 1042 969 X
1068 934 1116 969 17
1146 932 1247 969 Plut.
1269 935 1417 979 quaest.

77 1007 185 1032 conv.
208 994 304 1031 VIII
327 995 379 1031 10
401 1008 436 1042 p.
461 995 541 1030 734
557 993 587 1030 F
613 993 726 1042 Diog.
747 992 801 1029 IX
825 994 861 1039 7,
884 994 905 1029 2
929 994 1042 1042 (534)3
1069 993 1106 1039 8,
1130 993 1151 1028 2
1176 986 1280 1042 (150).
1338 991 1417 1027 lani

77 1055 112 1092 si
155 1056 257 1091 recte
296 1054 530 1091 sententiam
568 1052 730 1089 tulimus
769 1052 814 1089 de
853 1052 980 1100 capite
1018 1051 1090 1087 hoc
1129 1054 1167 1087 et
1204 1049 1420 1095 undecimo,

77 1112 264 1150 habemus
303 1112 378 1148 duo
411 1112 542 1160 capita
574 1111 745 1149 eiusdem
777 1110 946 1148 auctoris
978 1110 1181 1147 interiecto
1214 1110 1330 1146 tertio
1363 1121 1421 1145 se-

79 1174 235 1220 parata,
273 1172 341 1219 qui
378 1183 469 1209 usus
506 1173 683 1219 receptus
722 1171 780 1207 est
812 1168 946 1215 Gellii,
987 1169 1045 1205 vd.
1072 1169 1143 1206 Ru.
1174 1171 1214 1215 23
1244 1169 1265 1205 9
1288 1188 1345 1194 --—
1369 1169 1419 1204 15

80 1244 124 1268 ex
159 1230 297 1268 Asinio
330 1224 421 1280 (Me.
450 1230 531 1266 663
565 1229 632 1266 Kr.
661 1224 733 1279 65)
767 1231 806 1265 et
838 1228 962 1265 Probo
996 1230 1033 1278 (Υ
1064 1228 1136 1264 Me.
1165 1223 1267 1277 663)
1292 1248 1340 1252 ——-
1370 1228 1419 1263 16

80 1302 124 1326 ex
152 1288 340 1326 Caesellio
368 1288 452 1338 (Kr.
482 1290 553 1335 6ος
582 1290 633 1325 96
662 1288 733 1324 Me.
756 1300 843 1324 ann.
869 1283 969 1332 719)
981 1282 1012 1333 2)
1030 1308 1083 1311 -
1104 1288 1152 1323 17
1182 1299 1225 1322 ex
1252 1282 1420 1331 Pr0b0³⁵y

80 1349 142 1386 vel
169 1347 342 1397 Sulpicio
367 1343 639 1399 Apollinare4)
667 1347 752 1397 (ΚΥ.
775 1348 828 1384 90
855 1346 927 1383 Ru.
952 1343 1022 1393 12)
1046 1368 1098 1370 -
1125 1346 1175 1381 18
1204 1358 1247 1382 ex
1274 1344 1422 1394 Hygini

81 1407 127 1444 de
158 1407 253 1444 viris
285 1407 340 1443 ill.
374 1402 465 1457 (Me.
492 1406 569 1443 ind.
600 1408 652 1443 14
679 1406 746 1443 cfr.
770 1405 841 1442 Ru.
864 1400 980 1457 40)⁴'')
1014 1408 1083 1442 aut
1108 1404 1272 1452 Nepotis
1300 1416 1425 1441 exem-

82 1460 199 1518 plisss)
234 1487 288 1491 —
324 1467 377 1503 20
416 1479 459 1502 ex
491 1465 662 1503 Masurio
694 1466 718 1502 l.
752 1465 775 1502 l.
815 1466 873 1515 (pet
905 1463 1086 1513 Scipione
1118 1464 1141 1500 l.
1175 1464 1198 1501 l.
1232 1463 1302 1499 Ru.
1340 1464 1424 1513 15).

169 1525 204 1560 V
229 1527 249 1561 1
278 1537 323 1561 ex
348 1524 529 1573 Epicteto
555 1525 715 1561 Arriani
741 1525 802 1561 vel
829 1536 873 1560 ex
898 1523 1051 1560 Herode
1078 1523 1210 1560 Attico
1238 1518 1328 1573 (Ru.
1351 1523 1423 1562 50)

83 1604 137 1609 ——
161 1585 183 1620 2
211 1596 287 1620 non
314 1596 359 1620 ex
385 1585 469 1632 ipso
497 1582 660 1621 Charete
687 1583 961 1632 depromptum
987 1594 1068 1619 esse
1096 1595 1139 1618 ex
1166 1582 1308 1619 omissa
1334 1580 1425 1617 libri

82 1643 336 1691 inscriptione
358 1643 428 1679 Ru.
451 1644 473 1677 5
502 1642 676 1692 collegit3
703 1644 815 1680 caute
841 1642 939 1678 nihil
966 1640 1128 1682 addidit,
1155 1640 1255 1677 unde
1277 1639 1425 1677 Gellius

181 1783 213 1824 1)
241 1780 308 1813 Vd.
332 1779 431 1813 Diels
453 1779 693 1823 Domogsraphi
714 1779 846 1813 Graeci
864 1782 930 1811 497
948 1778 1030 1811 adn.
1054 1781 1084 1810 7.

180 1831 215 1870 2)
242 1827 312 1861 Cfr.
340 1827 451 1861 Hertz
481 1829 544 1870 01).
574 1827 616 1860 G.
647 1830 712 1860 143
733 1826 816 1859 adn.
845 1830 885 1859 51
916 1824 1097 1859 Swoboda
1123 1827 1186 1857 82.-
1228 1823 1281 1856 Ex
1307 1822 1427 1856 Plinio

86 1874 185 1909 Beck
205 1878 242 1916 (ὃς
264 1878 282 1909 9
309 1875 391 1908 edit.
413 1875 510 1908 Ple'n.
534 1877 586 1915 17,
614 1884 772 1917 quocum
798 1873 857 1906 hic
884 1871 1067 1906 consentit
1090 1871 1156 1905 Ne.
1178 1874 1255 1904 273.
1295 1870 1363 1903 Vd.
1392 1872 1428 1903 et

88 1921 250 1956 Roehria
277 1925 330 1955 12.

182 1970 214 2012 3)
226 1950 444 2013 UOppugnat
470 1967 583 2011 Steup
613 1970 678 2001 180
694 1967 777 2000 adn.
800 1970 854 2009 57,
882 1966 945 2000 sed
972 1966 1035 1999 cfr.
1057 1964 1225 1999 Ribbeck
1251 1967 1326 1998 139.

181 2019 216 2059 4)
243 2015 338 2050 Nam
371 2016 409 2048 hi
441 2014 581 2048 secerni
612 2025 684 2047 non
716 2016 886 2057 possunt,
920 2013 983 2047 cfr.
1011 2014 1158 2056 praeter
1184 2011 1344 2045 Gellium
1370 2011 1429 2044 hic

88 2065 126 2097 et
150 2062 217 2096 XII
239 2067 280 2096 13
307 2062 388 2096 XIX
410 2066 452 2096 13
478 2062 544 2095 XX
565 2065 584 2095 6
611 2061 752 2095 scholia
778 2060 1003 2095 Veronensia
1029 2060 1076 2093 ad
1099 2060 1208 2104 Verg.
1229 2059 1271 2092 A.
1291 2058 1341 2091 IX
1362 2061 1428 2091 362>

88 2122 123 2154 p.
139 2113 204 2143 441
220 2110 264 2144 H.
285 2111 348 2144 hoe
369 2111 441 2144 loco
460 2110 639 2143 adnotant
653 2110 793 2142 Probus
807 2113 839 2143 et
851 2108 1044 2152 Sulpicius.
1084 2107 1152 2141 vd.
1168 2105 1334 2139 Ribbeck
1352 2109 1428 2138 173.

183 2159 217 2200 5)
244 2157 302 2190 Sic
327 2157 402 2190 iam
428 2157 548 2190 Bnnte
574 2157 631 2190 De
657 2156 802 2200 Hyyini
825 2157 900 2190 vita
927 2158 987 2196 393
1015 2154 1079 2188 sed
1104 2154 1161 2187 vd.
1183 2153 1251 2187 Ru.
1275 2157 1327 2186 14.

186 2207 220 2247 6)
246 2204 305 2237 Sic
325 2204 457 2238 Nissen
479 2204 576 2238 Kraelt.
606 2203 741 2238 Unters.
764 2230 772 2236 .
787 2230 795 2236 .
815 2214 881 2237 zur
900 2206 932 2237 4.
951 2214 987 2236 u.
1007 2205 1039 2236 5.
1055 2202 1202 2236 Dekade
1221 2201 1281 2234 des
1300 2201 1431 2233 Livius

91 2254 169 2293 214,
196 2252 254 2285 cui
275 2250 552 2296 adstipulantur
570 2249 774 2283 Mommsen
795 2250 897 2285 Ram.
913 2250 1060 2284 Forseh.
1075 2248 1189 2282 11424
1209 2248 1317 2281 Peter
1331 2247 1429 2281 Hist.

92 2299 195 2333 Rom.
215 2299 289 2333 rell.
310 2298 326 2332 Ι
346 2302 424 2341 293,
446 2303 466 2332 5
493 2297 650 2331 Miinzer.
665 2297 764 2341 apud
784 2296 1096 2340 Pauly-Wissow.
1116 2295 1166 2330 IV
1188 2297 1287 2328 1476.

166 2363 305 2389 Gssnmvs
327 2364 370 2388 ed⁴
392 2363 535 2388 Hosius
1202 2365 1219 2387 C
