1611 2474
154 62 238 102 312
740 63 790 97 IX
816 68 853 105 2;
881 68 900 97 3

96 180 136 210 11
157 167 241 209 Cur
278 182 377 223 ergo
409 183 486 210 nos
518 169 704 222 patimur
734 184 889 211 nomen
920 170 1214 225 philosophiae
1246 173 1488 214 inlustrissi-

153 242 269 268 mum
316 227 360 267 i'n
402 227 646 268 hominibus
691 228 923 269 deterrimis
968 231 1284 272 exsordescere?
1352 229 1486 272 Simili

153 286 308 326 autem'
355 286 493 338 inquit
538 286 745 340 ‘exemplo
784 302 834 328 ex
872 288 1080 328 contraria
1118 290 1254 342 specie
1292 290 1485 342 antiquos

153 343 442 384 Romanorum
474 344 598 384 audio
628 346 901 398 praenomina
926 347 1199 399 patriciorum
1226 349 1485 400 quorundam

153 403 262 442 male
294 402 343 442 de
374 402 590 455 republica
620 404 864 444 meritorum
892 407 933 445 et
959 405 1013 445 ob
1040 419 1131 445 eam
1158 418 1325 446 causam
1353 406 1486 459 capite

154 460 446 500 damnatorum
480 462 707 514 censuisse,
741 477 793 503 ne
825 463 892 503 cui
924 462 1109 503 eiusdem
1143 465 1278 518 gentis
1311 465 1485 517 patricio

152 518 406 571 inderentur,
438 521 486 559 ut
516 520 721 560 vocabula
754 535 921 574 quoque
954 535 1097 562 eorum
1131 522 1339 563 defamata
1364 525 1488 575 atque

155 577 372 617 demortua
405 590 500 617 cum
533 577 635 631 ipsis
667 579 935 619 viderentur.'

793 741 856 783 ΙΙΙ

152 819 324 863 Epistula
367 819 531 864 Philippi
575 821 672 865 regis
718 821 765 855 ad
802 822 1041 857 Aristotelem
1084 823 1345 867 philosophum
1383 834 1491 867 super

200 866 410 900 Alexandro
436 878 562 901 recens
589 870 686 902 nato.

118 962 135 991 1
240 949 483 1004 Philippus,
520 949 732 1005 Amyntae
770 953 901 1005 filius,
938 955 1072 993 terrae
1103 952 1372 994 Macedoniae
1407 968 1490 1006 reX‚

153 1008 271 1048 cuius
310 1009 464 1049 virtute
502 1010 792 1063 industriaque
823 1010 1009 1051 Macetae
1046 1012 1379 1064 locupletissimo
1414 1012 1489 1052 im-

153 1067 270 1119 perio
326 1067 439 1107 aucti
489 1069 678 1123 gentium
729 1069 1033 1122 nationumque
1083 1071 1310 1110 multarum
1361 1069 1489 1123 potiri

153 1128 377 1178 coeperant
429 1128 470 1166 et
519 1126 637 1167 cuius
687 1127 772 1167 vim
822 1130 948 1180 atque
998 1142 1114 1168 arma
1162 1129 1242 1169 toti
1293 1127 1490 1169 Graeciae

152 1184 336 1224 cavenda
385 1186 693 1238 metuendaque
743 1186 912 1226 inclitae
960 1186 1058 1227 illae
1104 1186 1489 1227 Demosthenis

117 1242 364 1283 2orationes
409 1243 710 1297 contionesque
753 1245 995 1297 vocificant,
1038 1245 1072 1285 is
1110 1244 1351 1298 Philippus,
1395 1258 1490 1285 cum

152 1300 197 1340 in
241 1301 357 1341 omni
400 1301 486 1341 fere
526 1304 716 1356 tempore
753 1303 934 1357 negotiis
973 1303 1075 1343 belli
1112 1303 1384 1356 victoriisque
1422 1304 1491 1343 ad-

152 1359 286 1399 fectus
326 1360 615 1413 exercitusque
654 1363 779 1414 esset,
817 1376 840 1401 a
874 1362 1039 1402 liberali
1070 1364 1212 1402 tamen
1241 1361 1364 1402 Musa
1395 1364 1436 1402 et
1467 1376 1491 1402 a

153 1417 302 1457 studiis
330 1417 621 1459 'humanitatis
665 1433 895 1472 numquam
940 1419 1063 1472 afuit,
1108 1420 1208 1473 quin
1248 1420 1387 1473 lepide
1425 1433 1489 1460 co—

118 1475 360 1527 3miterque
410 1476 609 1529 pleraque
659 1480 700 1517 et
748 1478 904 1518 faceret
953 1481 994 1518 et
1043 1478 1208 1518 diceret.
1281 1477 1491 1519 Feruntur

152 1533 255 1573 adeo
290 1533 389 1573 libri
421 1534 697 1587 epistularum
730 1535 819 1576 eius
851 1536 1083 1576 munditiae
1115 1539 1156 1576 et
1186 1537 1417 1577 venustatis
1450 1539 1491 1577 et

151 1591 399 1645 prudentiae
437 1593 675 1646 plenarum,
713 1594 829 1634 velut
860 1597 958 1635 sunt
989 1595 1086 1634 illae
1116 1594 1299 1647 litterae,
1337 1595 1490 1647 quibus

151 1648 426 1690 Aristoteli
470 1651 727 1705 philosopho
771 1655 917 1692 natum
958 1667 1048 1693 esse
1085 1653 1166 1693 sibi
1203 1651 1489 1693 Alexandrum

152 1708 374 1748 nuntiavit.

115 1779 138 1808 4
240 1765 305 1806 Ea
337 1767 535 1820 epistula,
568 1768 768 1821 quoniam
803 1782 925 1809 curae
958 1768 1282 1823 diligentiaeque
1313 1769 1358 1809 in
1388 1769 1489 1809 libe-

151 1838 295 1864 rorum
337 1825 579 1879 disciplinas
617 1826 931 1867 hortamentum
970 1830 1049 1880 est,
1093 1827 1364 1868 exscribenda
1400 1827 1490 1868 visa

247 1990 265 2019 2
282 1998 358 2030 sqq.
392 1986 464 2020 Cic.
492 1987 651 2031 Philipp.
678 1988 694 2020 I
723 1991 774 2029 13,
797 1992 838 2021 32
866 1989 940 2022 Liv.
962 1988 1012 2022 VI
1032 1992 1086 2031 20,
1110 1993 1151 2022 14
1179 1988 1301 2029 Quint.
1322 1988 1372 2021 HI
1393 1991 1423 2031 7,
1444 1991 1488 2021 20

151 2032 246 2066 Plut.
275 2035 413 2075 quaest.
441 2034 482 2067 R.
511 2038 553 2067 91
593 2034 662 2068 Dio
689 2034 785 2068 Cass.
814 2035 855 2069 fr.
883 2035 982 2068 XXV
1010 2039 1026 2068 1
1048 2035 1096 2069 M.
1130 2035 1230 2068 Paul.
1258 2047 1292 2078 p.
1323 2038 1399 2076 125,
1428 2039 1487 2075 11;

154 2083 231 2122 151,
256 2083 271 2112 1
299 2079 394 2113 Plut.
417 2079 487 2114 Cic.
510 2084 552 2114 49
580 2081 649 2115 Dio
671 2080 767 2115 Cass
789 2081 834 2114 LI
857 2086 909 2124 19,
931 2085 949 2115 3
978 2081 1074 2115 Suet.
1094 2081 1172 2115 Tib.
1194 2085 1210 2115 1
1233 2081 1316 2115 Tac.
1334 2081 1487 2114 a.11117

247 2235 265 2264 2
301 2232 499 2265 teterrimis
527 2234 572 2265 H
592 2234 603 2276 Η
631 2236 671 2265 16
706 2243 782 2266 cau.
811 2233 913 2278 met]
942 2236 968 2270 Q.
1000 2233 1204 2267 cauendam
1234 2232 1488 2266 metuendam-

153 2289 223 2320 que
251 2278 400 2321 (-daque
421 2280 459 2321 B)
482 2292 508 2312 ω
528 2280 539 2322 ΙΙ
561 2282 602 2311 19
628 2280 749 2324 musa]
771 2291 791 2316 ς
816 2290 943 2314 mensa
963 2293 989 2313 ω
1010 2281 1020 2323 ΙΙ
1041 2283 1083 2313 27
1111 2279 1303 2313 scribenda
1323 2280 1353 2313 δ

1510 833 1543 857 10

1510 1145 1543 1170 15

1510 1436 1544 1461 20

1510 1727 1543 1752 25
