1602 2484
14 730 47 755 10

15 1023 46 1049 15

661 73 674 106 Ι
705 76 762 116 103
792 77 830 106 11
1350 74 1400 113 61

65 185 107 222 et
154 182 320 235 ignotas
364 182 407 221 in
451 182 672 222 cotidianis
717 182 1096 234 communibusque
1141 182 1404 222 sermonibus

65 241 346 294 expromenti:
392 238 572 280 ‘Curius'
618 241 755 292 inquit
801 241 858 281 ‘et
903 240 1119 281 Fabricius
1161 244 1202 281 et
1248 242 1404 281 Corun-

66 300 222 351 canius,
253 299 535 351 antiquissimi.
568 299 659 351 viri,
691 303 732 339 et
764 299 828 339 bis
861 300 1119 352 antiquiores
1149 299 1310 340 Horatii
1343 300 1405 339 illi

65 358 280 411 trigemini
312 359 435 411 plane
467 372 515 398 ac
548 358 727 398 dilucide
760 374 855 399 cum
889 359 973 398 suis
1004 359 1183 399 fabulati
1213 361 1311 399 sunt
1336 373 1405 398 ne-

66 431 147 469 que
178 415 474 456 Auruncorum
512 420 585 457 aut
618 416 862 457 Sicanorum
898 420 970 458 aut
1002 417 1294 471 Pelasgorum,
1333 418 1405 470 qui

66 475 192 528 primi
230 476 407 516 coluisse
440 475 602 515 ltaliam
644 476 858 527 dicuntur,
896 477 967 516 sed
1005 477 1154 517 aetatis
1187 491 1284 516 suae
1317 491 1405 516 ver-

70 534 131 574 bis
167 535 300 575 locuti
337 537 452 587 sunt,
489 537 536 574 tu
573 538 733 587 autem,
770 536 945 587 proinde
984 536 1104 587 quasi
1142 550 1237 576 cum
1273 538 1439 575 matre?

65 592 253 633 Euandri
296 608 408 633 nunc
444 594 637 646 loquare,
680 608 870 633 sermone
909 594 1062 634 abhinc
1101 595 1245 635 multis
1284 595 1405 634 annis

66 652 149 692 iam
176 652 310 692 desito
337 653 478 704 uteris,
504 652 617 704 quod
644 653 748 693 scire
774 656 900 705 atque
928 654 1171 707 intellegere
1194 653 1407 693 neminem

67 710 147 763 vis,
185 725 290 763 quae
329 710 453 751 dicas.
516 710 686 763 Nonne,
724 711 852 752 homo
887 712 1047 764 inepte,
1085 715 1150 764 ut,
1187 712 1301 764 quod
1332 712 1407 764 vis,

66 769 232 810 abunde
265 770 547 822 consequaris,
577 771 719 810 taces?
777 768 859 810 Sed
890 771 1185 823 antiquitatem
1215 771 1294 811 tibi
1320 771 1440 823 pla-3

67 842 158 869 cere
196 828 275 881 ais,
313 829 427 881 quod
465 828 643 869 honesta
680 832 721 869 et
756 829 866 869 bona
899 833 940 870 et
972 830 1111 869 sobria
1143 833 1184 870 et
1218 830 1406 870 modesta

67 887 131 927 sit.
208 886 313 927 Vive
364 901 463 941 ergo
514 888 703 928 moribus
746 889 1002 941 praeteritis,
1050 890 1222 941 loquere
1267 888 1441 929 verbis4

67 946 357 999 praesentibus
389 950 515 998 atque
548 947 602 998 id,
634 947 747 999 quod
779 962 803 987 a
831 946 872 987 C.
901 946 1128 1000 Caesare,
1163 948 1406 988 excellentis

67 1005 226 1059 ingenii
269 1019 317 1045 ac
355 1006 600 1058 prudentiae
639 1006 748 1058 viro,
791 1007 839 1046 in
878 1007 1038 1059 primo
1077 1006 1132 1046 de
1170 1007 1406 1061 analogia

66 1064 199 1104 libro
237 1064 479 1115 (1122125
505 1064 596 1117 Di.)
641 1065 844 1118 scriptum
889 1068 970 1118 est,
1011 1065 1120 1105 habe
1162 1079 1327 1118 semper
1363 1065 1408 1106 in

67 1123 269 1163 memoria
306 1126 432 1175 atque
464 1124 509 1163 in
540 1126 727 1176 pectore,
764 1126 811 1164 ut
841 1126 1093 1176 tamquam
1126 1125 1407 1177 scopulum,

67 1182 138 1221 sic
180 1181 347 1235 fugias
392 1182 674 1222 inauditum
717 1185 867 1235 atque
911 1183 1136 1223 insolens
1174 1183 1405 1223 verbum.'

705 1310 766 1351 XI

17 1403 31 1427 2
71 1390 176 1432 Quod
195 1390 441 1434 Thucydides,
468 1391 623 1435 scriptor
649 1391 821 1434 inclutus,
848 1392 1158 1426 Lacedaemonios
1178 1392 1216 1425 in
1236 1392 1315 1426 acie
1334 1403 1409 1426 non

116 1437 224 1476 tuba,
258 1438 322 1471 sed
353 1438 457 1471 tibiis
490 1448 567 1472 esse
598 1449 683 1472 usos
717 1438 808 1473 dicit
838 1439 1023 1482 verbaque
1055 1439 1133 1473 eius
1166 1450 1276 1483 super
1300 1450 1343 1473 ea
1368 1449 1407 1472 re

114 1485 253 1529 posita3
280 1485 452 1528 quodque
472 1484 680 1519 Herodotus
700 1485 888 1530 Alyattem
914 1497 1039 1530 regem
1065 1487 1234 1520 fidicinas
1259 1487 1299 1520 in
1323 1498 1407 1531 pro-

115 1532 238 1566 cinctu
257 1531 430 1566 habuisse
449 1532 582 1575 tradit3
603 1534 715 1577 atque
734 1532 828 1566 inibi
848 1534 1031 1576 quaedam
1048 1535 1177 1568 notata
1191 1534 1237 1567 de
1251 1533 1407 1567 Gracchi

114 1578 238 1613 fistula
264 1579 503 1613 contionaria.

156 1661 318 1705 Auctor
348 1663 549 1704 historiae
576 1662 757 1705 Graecae
789 1665 1061 1719 gravissimus
1088 1665 1406 1718 Thucydides
1422 1675 1440 1705 1

68 1721 219 1775 (1770)
238 1722 604 1775 Lacedaemonios,
630 1738 817 1764 summos
837 1724 1074 1776 bellatores,
1096 1738 1183 1764 non
1202 1738 1406 1764 cornuum

68 1781 318 1821 tubarumve
345 1782 488 1836 signis,
520 1782 592 1822 sed
616 1782 817 1822 tibiarum
842 1783 1024 1823 modulis
1050 1783 1094 1822 in
1120 1783 1290 1835 proeliis
1317 1797 1405 1823 esse

163 1912 183 1941 2
199 1920 276 1952 sqq.
297 1908 408 1942 Macr.
430 1909 446 1941 Ι
467 1912 498 1950 5,
520 1912 537 1942 1
554 1920 604 1952 sq.
632 1909 750 1942 Amm.
771 1908 871 1942 XXX
891 1914 923 1950 4,
946 1913 988 1942 12
1009 1909 1105 1953 (Sen.
1127 1920 1182 1953 ep.
1206 1913 1284 1951 114,
1303 1911 1358 1953 13)

71 1958 113 1988 17
134 1955 251 1989 Amm.
266 1955 367 1988 XXII
382 1959 436 1999 10,
451 1959 470 1989 3
491 1955 592 1989 XXX
606 1959 638 1998 S,
653 1960 672 1989 2
770 1960 814 1989 24
833 1956 952 1989 Amm.
967 1956 1067 1989 XXX
1081 1960 1111 1998 4,
1130 1960 1171 1990 19
1269 1960 1312 1990 26
1328 1968 1405 2001 sqq.

69 2001 159 2036 Xen.
181 2003 227 2036 de
245 2013 319 2047 rep.
341 2002 424 2036 Lac.
444 2002 530 2036 XHI
549 2006 570 2037 8
591 2002 636 2037 al.
656 2003 784 2046 Polyb.
801 2003 851 2037 IV
871 2006 914 2036 20
936 2002 1007 2037 Cic.
1023 2003 1127 2038 Tusc.
1142 2003 1176 2037 ΙΙ
1192 2007 1244 2045 16,
1260 2007 1303 2037 37
1324 2003 1405 2038 Val.

70 2049 166 2083 Max.
192 2049 227 2082 Π
252 2053 284 2091 6,
311 2054 330 2083 2
365 2049 487 2090 Quint.
514 2050 530 2083 Ι
553 2053 607 2092 10,
636 2053 679 2083 14
707 2050 814 2084 Mart.
837 2049 923 2094 Cap.
944 2050 994 2083 IX
1013 2054 1079 2084 925
1102 2050 1197 2084 GLK
1215 2050 1265 2084 VI
1286 2055 1341 2093 77,
1363 2055 1406 2084 24

70 2095 166 2129 Plut.
192 2096 276 2140 Lyc.
304 2100 347 2130 22
380 2097 425 2130 de
453 2097 508 2130 ira
534 2096 652 2130 cohib.
676 2101 718 2131 10
744 2097 850 2131 Paus.
870 2097 922 2130 ΠΙ
943 2101 996 2140 17,
1018 2102 1037 2130 5
1064 2097 1275 2141 Polyaen.1
1295 2101 1338 2132 10
1358 2097 1405 2131 al.

166 2217 184 2247 1
217 2213 468 2258 ignotissimas
500 2229 528 2248 ω
555 2219 700 2258 praeter
723 2218 753 2248 A
772 2218 782 2256 Η
802 2218 822 2248 6
854 2215 893 2248 in
922 2215 1032 2248 Italia
1060 2217 1249 2260 Mam-,519
1275 2215 1405 2258 uteris;

72 2259 103 2292 si
122 2261 222 2303 quod.
241 2261 354 2305 (quod
373 2261 404 2295 si
426 2262 543 2306 Voyel)
559 2289 565 2295 .
583 2290 589 2296 .
606 2289 612 2295 .
628 2262 741 2303 dicas,
761 2272 882 2296 nonne
903 2262 1006 2307 Mdy.
1021 2262 1032 2306 Η
1048 2266 1089 2295 15
1111 2262 1149 2295 in
1167 2263 1206 2295 L.
1221 2262 1340 2306 primo
1355 2277 1382 2297 ω
1395 2263 1407 2308 11

73 2309 115 2340 17
141 2308 166 2340 t.
193 2307 300 2341 nauis
325 2319 421 2353 scop.
444 2319 464 2345 ς
483 2310 494 2352 ΙΙ
516 2311 557 2342 18
583 2309 795 2352 infrequens
822 2319 853 2343 a.
879 2309 947 2343 ins.
978 2310 1095 2344 Maer.
1347 2336 1352 2342 .
