<?xml version="1.0" encoding="UTF-8"?>
<!DOCTYPE html PUBLIC "-//W3C//DTD XHTML 1.0 Transitional//EN"
    "http://www.w3.org/TR/xhtml1/DTD/xhtml1-transitional.dtd">
<html xmlns="http://www.w3.org/1999/xhtml" xml:lang="en" lang="en">
 <head>
  <title>
</title>
<meta http-equiv="Content-Type" content="text/html;charset=utf-8" />
  <meta name='ocr-system' content='tesseract 3.04.00' />
  <meta name='ocr-capabilities' content='ocr_page ocr_carea ocr_par ocr_line ocrx_word'/>
</head>
<body>
  <div class='ocr_page' id='page_1' title='image "./agelliinoctiumat01gelluoft_0298.png"; bbox 0 0 1611 2474; ppageno 0'>
   <div class='ocr_carea' id='block_1_1' title="bbox 183 68 905 110">
    <p class='ocr_par' dir='ltr' id='par_1_1' title="bbox 183 68 905 110">
     <span class='ocr_line' id='line_1_1' title="bbox 183 68 905 110; baseline -0.014 0"><span class='ocrx_word' id='word_1_1' title='bbox 183 68 269 110; x_wconf 77' lang='lat'>230</span> <span class='ocrx_word' id='word_1_2' title='bbox 804 68 835 101; x_wconf 84' lang='lat' dir='ltr'><strong>V</strong></span> <span class='ocrx_word' id='word_1_3' title='bbox 864 72 905 101; x_wconf 78' lang='lat'>14</span> 
     </span>
    </p>
   </div>
   <div class='ocr_carea' id='block_1_2' title="bbox 126 174 1526 1862">
    <p class='ocr_par' dir='ltr' id='par_1_2' title="bbox 126 174 1526 1862">
     <span class='ocr_line' id='line_1_2' title="bbox 183 174 1520 229; baseline -0.002 -13"><span class='ocrx_word' id='word_1_4' title='bbox 183 175 339 229; x_wconf 85' lang='lat' dir='ltr'>iniquis</span> <span class='ocrx_word' id='word_1_5' title='bbox 383 175 471 216; x_wconf 89' lang='lat' dir='ltr'>eius</span> <span class='ocrx_word' id='word_1_6' title='bbox 516 177 557 215; x_wconf 87' lang='lat' dir='ltr'>et</span> <span class='ocrx_word' id='word_1_7' title='bbox 601 174 822 215; x_wconf 73' lang='lat' dir='ltr'>cotidianis</span> <span class='ocrx_word' id='word_1_8' title='bbox 866 174 1109 215; x_wconf 87' lang='lat' dir='ltr'>verberibus</span> <span class='ocrx_word' id='word_1_9' title='bbox 1153 174 1205 214; x_wconf 90' lang='lat' dir='ltr'>ad</span> <span class='ocrx_word' id='word_1_10' title='bbox 1244 174 1389 228; x_wconf 80' lang='lat' dir='ltr'>fugam</span> <span class='ocrx_word' id='word_1_11' title='bbox 1429 188 1520 213; x_wconf 86' lang='lat' dir='ltr'>sum</span> 
     </span>
     <span class='ocr_line' id='line_1_3' title="bbox 184 231 1520 286; baseline -0.002 -11"><span class='ocrx_word' id='word_1_12' title='bbox 184 231 352 275; x_wconf 80' lang='lat' dir='ltr'>coactus</span> <span class='ocrx_word' id='word_1_13' title='bbox 391 236 448 285; x_wconf 82' lang='lat' dir='ltr'>et,</span> <span class='ocrx_word' id='word_1_14' title='bbox 487 236 535 273; x_wconf 92' lang='lat' dir='ltr'>ut</span> <span class='ocrx_word' id='word_1_15' title='bbox 572 232 677 273; x_wconf 89' lang='lat' dir='ltr'>mihi</span> <span class='ocrx_word' id='word_1_16' title='bbox 715 248 738 273; x_wconf 91' lang='lat' dir='ltr'>a</span> <span class='ocrx_word' id='word_1_17' title='bbox 777 233 965 285; x_wconf 75' lang='lat' dir='ltr'>domino,</span> <span class='ocrx_word' id='word_1_18' title='bbox 1003 236 1137 273; x_wconf 88' lang='lat' dir='ltr'>terrae</span> <span class='ocrx_word' id='word_1_19' title='bbox 1172 232 1286 273; x_wconf 82' lang='lat' dir='ltr'>illius</span> <span class='ocrx_word' id='word_1_20' title='bbox 1318 232 1520 286; x_wconf 79' lang='lat' dir='ltr'>praeside,</span> 
     </span>
     <span class='ocr_line' id='line_1_4' title="bbox 183 291 1521 344; baseline -0.002 -11"><span class='ocrx_word' id='word_1_21' title='bbox 183 293 359 333; x_wconf 87' lang='lat' dir='ltr'>tutiores</span> <span class='ocrx_word' id='word_1_22' title='bbox 405 292 591 332; x_wconf 88' lang='lat' dir='ltr'>latebrae</span> <span class='ocrx_word' id='word_1_23' title='bbox 635 291 791 344; x_wconf 79' lang='lat' dir='ltr'>forent,</span> <span class='ocrx_word' id='word_1_24' title='bbox 841 292 885 331; x_wconf 88' lang='lat' dir='ltr'>in</span> <span class='ocrx_word' id='word_1_25' title='bbox 929 305 1173 344; x_wconf 87' lang='lat' dir='ltr'>camporum</span> <span class='ocrx_word' id='word_1_26' title='bbox 1218 293 1258 331; x_wconf 92' lang='lat' dir='ltr'>et</span> <span class='ocrx_word' id='word_1_27' title='bbox 1301 304 1521 331; x_wconf 80' lang='lat' dir='ltr'>arenarum</span> 
     </span>
     <span class='ocr_line' id='line_1_5' title="bbox 185 348 1521 401; baseline -0.003 -10"><span class='ocrx_word' id='word_1_28' title='bbox 185 350 431 391; x_wconf 73' lang='lat' dir='ltr'>solitudines</span> <span class='ocrx_word' id='word_1_29' title='bbox 473 349 660 390; x_wconf 78' lang='lat' dir='ltr'>concessi</span> <span class='ocrx_word' id='word_1_30' title='bbox 698 363 762 401; x_wconf 74' lang='lat' dir='ltr'>ac,</span> <span class='ocrx_word' id='word_1_31' title='bbox 807 349 841 389; x_wconf 88' lang='lat' dir='ltr'>si</span> <span class='ocrx_word' id='word_1_32' title='bbox 880 349 1080 390; x_wconf 84' lang='lat' dir='ltr'>defuisset</span> <span class='ocrx_word' id='word_1_33' title='bbox 1118 349 1254 401; x_wconf 84' lang='lat' dir='ltr'>cibus,</span> <span class='ocrx_word' id='word_1_34' title='bbox 1299 348 1521 388; x_wconf 90' lang='lat' dir='ltr'>consilium</span> 
     </span>
     <span class='ocr_line' id='line_1_6' title="bbox 127 406 1521 461; baseline -0.004 -10"><span class='ocrx_word' id='word_1_35' title='bbox 127 422 168 452; x_wconf 79' lang='grc'>18</span> <span class='ocrx_word' id='word_1_36' title='bbox 183 409 265 450; x_wconf 85' lang='lat' dir='ltr'>fuit</span> <span class='ocrx_word' id='word_1_37' title='bbox 297 411 476 449; x_wconf 77' lang='lat' dir='ltr'>mortem</span> <span class='ocrx_word' id='word_1_38' title='bbox 509 409 651 461; x_wconf 89' lang='lat' dir='ltr'>aliquo</span> <span class='ocrx_word' id='word_1_39' title='bbox 685 411 808 461; x_wconf 88' lang='lat' dir='ltr'>pacto</span> <span class='ocrx_word' id='word_1_40' title='bbox 843 422 1050 461; x_wconf 81' lang='lat' dir='ltr'>quaerere.</span> <span class='ocrx_word' id='word_1_41' title='bbox 1107 407 1214 447; x_wconf 85' lang='lat' dir='ltr'>Tum</span> <span class='ocrx_word' id='word_1_42' title='bbox 1248 408 1335 448; x_wconf 89' lang='lat' dir='ltr'>sole</span> <span class='ocrx_word' id='word_1_43' title='bbox 1367 406 1521 447; x_wconf 89' lang='lat' dir='ltr'>medio’</span> 
     </span>
     <span class='ocr_line' id='line_1_7' title="bbox 184 466 1522 521; baseline -0.002 -14"><span class='ocrx_word' id='word_1_44' title='bbox 184 467 322 520; x_wconf 89' lang='lat' dir='ltr'>inquit</span> <span class='ocrx_word' id='word_1_45' title='bbox 366 467 527 507; x_wconf 73' lang='lat' dir='ltr'>‘rabido</span> <span class='ocrx_word' id='word_1_46' title='bbox 572 470 613 507; x_wconf 90' lang='lat' dir='ltr'>et</span> <span class='ocrx_word' id='word_1_47' title='bbox 654 467 851 521; x_wconf 84' lang='lat' dir='ltr'>flagranti</span> <span class='ocrx_word' id='word_1_48' title='bbox 889 480 1059 520; x_wconf 86' lang='lat' dir='ltr'>specum</span> <span class='ocrx_word' id='word_1_49' title='bbox 1098 466 1307 519; x_wconf 89' lang='lat' dir='ltr'>quandam</span> <span class='ocrx_word' id='word_1_50' title='bbox 1346 467 1522 505; x_wconf 88' lang='lat' dir='ltr'>nanctus</span> 
     </span>
     <span class='ocr_line' id='line_1_8' title="bbox 183 523 1521 578; baseline -0.002 -12"><span class='ocrx_word' id='word_1_51' title='bbox 183 528 389 566; x_wconf 89' lang='lat' dir='ltr'>remotam</span> <span class='ocrx_word' id='word_1_52' title='bbox 418 525 757 578; x_wconf 69' lang='lat' dir='ltr'>latebrosamque</span> <span class='ocrx_word' id='word_1_53' title='bbox 774 526 827 565; x_wconf 90' lang='lat' dir='ltr'>-in</span> <span class='ocrx_word' id='word_1_54' title='bbox 853 539 943 565; x_wconf 87' lang='lat' dir='ltr'>eam</span> <span class='ocrx_word' id='word_1_55' title='bbox 971 539 1036 565; x_wconf 90' lang='lat' dir='ltr'>me</span> <span class='ocrx_word' id='word_1_56' title='bbox 1063 527 1236 578; x_wconf 88' lang='lat' dir='ltr'>penetro</span> <span class='ocrx_word' id='word_1_57' title='bbox 1264 526 1304 564; x_wconf 90' lang='lat' dir='ltr'>et</span> <span class='ocrx_word' id='word_1_58' title='bbox 1329 523 1521 564; x_wconf 89' lang='lat' dir='ltr'>recondo.</span> 
     </span>
     <span class='ocr_line' id='line_1_9' title="bbox 128 582 1521 637; baseline -0.004 -11"><span class='ocrx_word' id='word_1_59' title='bbox 128 596 169 626; x_wconf 73' lang='lat'>19</span> <span class='ocrx_word' id='word_1_60' title='bbox 185 584 334 637; x_wconf 90' lang='lat' dir='ltr'>Neque</span> <span class='ocrx_word' id='word_1_61' title='bbox 378 585 513 624; x_wconf 90' lang='lat' dir='ltr'>multo</span> <span class='ocrx_word' id='word_1_62' title='bbox 552 586 649 636; x_wconf 87' lang='lat' dir='ltr'>post</span> <span class='ocrx_word' id='word_1_63' title='bbox 687 583 738 623; x_wconf 89' lang='lat' dir='ltr'>ad</span> <span class='ocrx_word' id='word_1_64' title='bbox 777 583 950 624; x_wconf 88' lang='lat' dir='ltr'>eandem</span> <span class='ocrx_word' id='word_1_65' title='bbox 989 597 1160 636; x_wconf 83' lang='lat' dir='ltr'>specum</span> <span class='ocrx_word' id='word_1_66' title='bbox 1198 582 1313 623; x_wconf 88' lang='lat' dir='ltr'>venit</span> <span class='ocrx_word' id='word_1_67' title='bbox 1350 582 1419 622; x_wconf 91' lang='lat' dir='ltr'>hic</span> <span class='ocrx_word' id='word_1_68' title='bbox 1455 582 1521 622; x_wconf 91' lang='lat' dir='ltr'>leo</span> 
     </span>
     <span class='ocr_line' id='line_1_10' title="bbox 187 641 1523 696; baseline -0.003 -13"><span class='ocrx_word' id='word_1_69' title='bbox 187 642 315 683; x_wconf 89' lang='lat' dir='ltr'>debili</span> <span class='ocrx_word' id='word_1_70' title='bbox 347 656 431 682; x_wconf 93' lang='lat' dir='ltr'>uno</span> <span class='ocrx_word' id='word_1_71' title='bbox 465 645 506 682; x_wconf 91' lang='lat' dir='ltr'>et</span> <span class='ocrx_word' id='word_1_72' title='bbox 538 644 710 682; x_wconf 85' lang='lat' dir='ltr'>cruento</span> <span class='ocrx_word' id='word_1_73' title='bbox 744 642 848 694; x_wconf 87' lang='lat' dir='ltr'>pede</span> <span class='ocrx_word' id='word_1_74' title='bbox 881 642 1061 696; x_wconf 79' lang='lat' dir='ltr'>gemitus</span> <span class='ocrx_word' id='word_1_75' title='bbox 1092 641 1216 681; x_wconf 90' lang='lat' dir='ltr'>edens</span> <span class='ocrx_word' id='word_1_76' title='bbox 1243 643 1283 681; x_wconf 91' lang='lat' dir='ltr'>et</span> <span class='ocrx_word' id='word_1_77' title='bbox 1308 653 1523 680; x_wconf 86' lang='lat' dir='ltr'>murmura</span> 
     </span>
     <span class='ocr_line' id='line_1_11' title="bbox 128 697 1523 752; baseline -0.003 -10"><span class='ocrx_word' id='word_1_78' title='bbox 128 712 171 743; x_wconf 92' lang='grc'>20</span> <span class='ocrx_word' id='word_1_79' title='bbox 187 702 374 741; x_wconf 87' lang='lat' dir='ltr'>dolorem</span> <span class='ocrx_word' id='word_1_80' title='bbox 408 700 723 752; x_wconf 85' lang='lat' dir='ltr'>cruciatumque</span> <span class='ocrx_word' id='word_1_81' title='bbox 754 700 934 740; x_wconf 81' lang='lat' dir='ltr'>vulneris</span> <span class='ocrx_word' id='word_1_82' title='bbox 961 698 1325 740; x_wconf 85' lang='lat' dir='ltr'>connniserantia.’</span> <span class='ocrx_word' id='word_1_83' title='bbox 1382 697 1523 751; x_wconf 87' lang='lat' dir='ltr'>Atque</span> 
     </span>
     <span class='ocr_line' id='line_1_12' title="bbox 184 756 1523 812; baseline -0.002 -13"><span class='ocrx_word' id='word_1_84' title='bbox 184 760 272 800; x_wconf 91' lang='lat' dir='ltr'>illic</span> <span class='ocrx_word' id='word_1_85' title='bbox 310 759 447 812; x_wconf 87' lang='lat' dir='ltr'>primo</span> <span class='ocrx_word' id='word_1_86' title='bbox 487 759 656 811; x_wconf 87' lang='lat' dir='ltr'>quidem</span> <span class='ocrx_word' id='word_1_87' title='bbox 689 761 916 811; x_wconf 89' lang='lat' dir='ltr'>conspectu</span> <span class='ocrx_word' id='word_1_88' title='bbox 949 757 1208 798; x_wconf 83' lang='lat' dir='ltr'>advenientis</span> <span class='ocrx_word' id='word_1_89' title='bbox 1240 756 1374 797; x_wconf 83' lang='lat' dir='ltr'>leonis</span> <span class='ocrx_word' id='word_1_90' title='bbox 1406 756 1523 797; x_wconf 90' lang='lat' dir='ltr'>terri-</span> 
     </span>
     <span class='ocr_line' id='line_1_13' title="bbox 126 814 1523 870; baseline -0.003 -12"><span class='ocrx_word' id='word_1_91' title='bbox 126 830 167 859; x_wconf 84' lang='grc'>21</span> <span class='ocrx_word' id='word_1_92' title='bbox 185 821 276 858; x_wconf 91' lang='lat' dir='ltr'>tum</span> <span class='ocrx_word' id='word_1_93' title='bbox 310 817 389 858; x_wconf 87' lang='lat' dir='ltr'>sibi</span> <span class='ocrx_word' id='word_1_94' title='bbox 423 820 464 858; x_wconf 91' lang='lat' dir='ltr'>et</span> <span class='ocrx_word' id='word_1_95' title='bbox 495 817 760 870; x_wconf 83' lang='lat' dir='ltr'>pavefactum</span> <span class='ocrx_word' id='word_1_96' title='bbox 787 817 974 856; x_wconf 89' lang='lat' dir='ltr'>animum</span> <span class='ocrx_word' id='word_1_97' title='bbox 1001 817 1116 856; x_wconf 82' lang='lat' dir='ltr'>dixit.</span> <span class='ocrx_word' id='word_1_98' title='bbox 1174 814 1272 856; x_wconf 70' lang='lat' dir='ltr'>‘Sed</span> <span class='ocrx_word' id='word_1_99' title='bbox 1298 818 1523 868; x_wconf 83' lang='lat' dir='ltr'>postquam</span> 
     </span>
     <span class='ocr_line' id='line_1_14' title="bbox 184 873 1523 930; baseline -0.002 -14"><span class='ocrx_word' id='word_1_100' title='bbox 184 875 482 930; x_wconf 83' lang='lat' dir='ltr'>introgressus’</span> <span class='ocrx_word' id='word_1_101' title='bbox 515 876 654 928; x_wconf 88' lang='lat' dir='ltr'>inquit</span> <span class='ocrx_word' id='word_1_102' title='bbox 687 875 780 926; x_wconf 72' lang='lat' dir='ltr'>‘leo‚</span> <span class='ocrx_word' id='word_1_103' title='bbox 813 876 875 915; x_wconf 88' lang='lat' dir='ltr'>uti</span> <span class='ocrx_word' id='word_1_104' title='bbox 907 890 949 915; x_wconf 88' lang='lat' dir='ltr'>re</span> <span class='ocrx_word' id='word_1_105' title='bbox 983 875 1073 928; x_wconf 89' lang='lat' dir='ltr'>ipsa</span> <span class='ocrx_word' id='word_1_106' title='bbox 1099 874 1306 927; x_wconf 77' lang='lat' dir='ltr'>apparuit,</span> <span class='ocrx_word' id='word_1_107' title='bbox 1338 874 1381 913; x_wconf 92' lang='lat' dir='ltr'>in</span> <span class='ocrx_word' id='word_1_108' title='bbox 1408 873 1523 913; x_wconf 89' lang='lat' dir='ltr'>habi-</span> 
     </span>
     <span class='ocr_line' id='line_1_15' title="bbox 184 933 1522 985; baseline -0.003 -10"><span class='ocrx_word' id='word_1_109' title='bbox 184 935 370 975; x_wconf 88' lang='lat' dir='ltr'>taculum</span> <span class='ocrx_word' id='word_1_110' title='bbox 415 934 521 974; x_wconf 89' lang='lat' dir='ltr'>illud</span> <span class='ocrx_word' id='word_1_111' title='bbox 565 948 704 985; x_wconf 84' lang='lat' dir='ltr'>suum,</span> <span class='ocrx_word' id='word_1_112' title='bbox 749 933 862 973; x_wconf 87' lang='lat' dir='ltr'>videt</span> <span class='ocrx_word' id='word_1_113' title='bbox 905 947 971 973; x_wconf 89' lang='lat' dir='ltr'>me</span> <span class='ocrx_word' id='word_1_114' title='bbox 1012 933 1159 985; x_wconf 90' lang='lat' dir='ltr'>procul</span> <span class='ocrx_word' id='word_1_115' title='bbox 1198 933 1522 980; x_wconf 85' lang='lat' dir='ltr'>delitescentem,</span> 
     </span>
     <span class='ocr_line' id='line_1_16' title="bbox 184 991 1523 1044; baseline -0.001 -12"><span class='ocrx_word' id='word_1_116' title='bbox 184 993 298 1033; x_wconf 87' lang='lat' dir='ltr'>mitis</span> <span class='ocrx_word' id='word_1_117' title='bbox 342 995 384 1032; x_wconf 90' lang='lat' dir='ltr'>et</span> <span class='ocrx_word' id='word_1_118' title='bbox 423 1006 617 1032; x_wconf 84' lang='lat' dir='ltr'>mansues</span> <span class='ocrx_word' id='word_1_119' title='bbox 657 992 831 1032; x_wconf 88' lang='lat' dir='ltr'>accessit</span> <span class='ocrx_word' id='word_1_120' title='bbox 869 995 910 1032; x_wconf 90' lang='lat' dir='ltr'>et</span> <span class='ocrx_word' id='word_1_121' title='bbox 948 992 1160 1031; x_wconf 88' lang='lat' dir='ltr'>sublatum</span> <span class='ocrx_word' id='word_1_122' title='bbox 1200 991 1349 1044; x_wconf 88' lang='lat' dir='ltr'>pedem</span> <span class='ocrx_word' id='word_1_123' title='bbox 1388 993 1523 1030; x_wconf 89' lang='lat' dir='ltr'>osten-</span> 
     </span>
     <span class='ocr_line' id='line_1_17' title="bbox 186 1049 1523 1104; baseline -0.003 -12"><span class='ocrx_word' id='word_1_124' title='bbox 186 1052 281 1092; x_wconf 83' lang='lat' dir='ltr'>dere</span> <span class='ocrx_word' id='word_1_125' title='bbox 312 1050 417 1090; x_wconf 91' lang='lat' dir='ltr'>mihi</span> <span class='ocrx_word' id='word_1_126' title='bbox 447 1054 488 1091; x_wconf 93' lang='lat' dir='ltr'>et</span> <span class='ocrx_word' id='word_1_127' title='bbox 513 1051 728 1104; x_wconf 81' lang='lat' dir='ltr'>porrigere</span> <span class='ocrx_word' id='word_1_128' title='bbox 755 1049 874 1102; x_wconf 88' lang='lat' dir='ltr'>quasi</span> <span class='ocrx_word' id='word_1_129' title='bbox 902 1050 993 1103; x_wconf 91' lang='lat' dir='ltr'>opis</span> <span class='ocrx_word' id='word_1_130' title='bbox 1020 1049 1222 1102; x_wconf 87' lang='lat' dir='ltr'>petendae</span> <span class='ocrx_word' id='word_1_131' title='bbox 1250 1049 1383 1103; x_wconf 83' lang='lat' dir='ltr'>gratia</span> <span class='ocrx_word' id='word_1_132' title='bbox 1409 1049 1523 1088; x_wconf 86' lang='lat' dir='ltr'>visus</span> 
     </span>
     <span class='ocr_line' id='line_1_18' title="bbox 126 1107 1523 1163; baseline -0.002 -13"><span class='ocrx_word' id='word_1_133' title='bbox 126 1121 167 1150; x_wconf 86' lang='grc'>22</span> <span class='ocrx_word' id='word_1_134' title='bbox 184 1112 255 1150; x_wconf 88' lang='lat' dir='ltr'>est.</span> <span class='ocrx_word' id='word_1_135' title='bbox 318 1108 398 1149; x_wconf 78' lang='lat' dir='ltr'>Ibi’</span> <span class='ocrx_word' id='word_1_136' title='bbox 437 1109 576 1161; x_wconf 88' lang='lat' dir='ltr'>inquit</span> <span class='ocrx_word' id='word_1_137' title='bbox 614 1108 707 1163; x_wconf 66' lang='lat' dir='ltr'>‘ego</span> <span class='ocrx_word' id='word_1_138' title='bbox 741 1109 914 1161; x_wconf 86' lang='lat' dir='ltr'>stirpem</span> <span class='ocrx_word' id='word_1_139' title='bbox 948 1109 1162 1162; x_wconf 79' lang='lat' dir='ltr'>ingentem</span> <span class='ocrx_word' id='word_1_140' title='bbox 1194 1107 1373 1161; x_wconf 82' lang='lat' dir='ltr'>vestigio</span> <span class='ocrx_word' id='word_1_141' title='bbox 1406 1107 1523 1160; x_wconf 82' lang='lat' dir='ltr'>pedis</span> 
     </span>
     <span class='ocr_line' id='line_1_19' title="bbox 185 1166 1524 1220; baseline -0.002 -12"><span class='ocrx_word' id='word_1_142' title='bbox 185 1168 274 1208; x_wconf 87' lang='lat' dir='ltr'>eius</span> <span class='ocrx_word' id='word_1_143' title='bbox 317 1167 560 1208; x_wconf 84' lang='lat' dir='ltr'>haerentem</span> <span class='ocrx_word' id='word_1_144' title='bbox 605 1167 749 1207; x_wconf 87' lang='lat' dir='ltr'>revelli</span> <span class='ocrx_word' id='word_1_145' title='bbox 790 1169 1120 1220; x_wconf 87' lang='lat' dir='ltr'>conceptamque</span> <span class='ocrx_word' id='word_1_146' title='bbox 1160 1166 1317 1206; x_wconf 80' lang='lat' dir='ltr'>saniem</span> <span class='ocrx_word' id='word_1_147' title='bbox 1355 1166 1524 1206; x_wconf 87' lang='lat' dir='ltr'>volnere</span> 
     </span>
     <span class='ocr_line' id='line_1_20' title="bbox 186 1223 1524 1279; baseline -0.002 -13"><span class='ocrx_word' id='word_1_148' title='bbox 186 1227 336 1266; x_wconf 88' lang='lat' dir='ltr'>intimo</span> <span class='ocrx_word' id='word_1_149' title='bbox 375 1226 561 1279; x_wconf 81' lang='lat' dir='ltr'>expressi</span> <span class='ocrx_word' id='word_1_150' title='bbox 599 1225 918 1278; x_wconf 86' lang='lat' dir='ltr'>accuratiusque</span> <span class='ocrx_word' id='word_1_151' title='bbox 957 1225 1046 1265; x_wconf 89' lang='lat' dir='ltr'>sine</span> <span class='ocrx_word' id='word_1_152' title='bbox 1081 1239 1234 1278; x_wconf 80' lang='lat' dir='ltr'>magna</span> <span class='ocrx_word' id='word_1_153' title='bbox 1266 1225 1348 1264; x_wconf 90' lang='lat' dir='ltr'>iam</span> <span class='ocrx_word' id='word_1_154' title='bbox 1380 1223 1524 1264; x_wconf 84' lang='lat' dir='ltr'>formi-</span> 
     </span>
     <span class='ocr_line' id='line_1_21' title="bbox 126 1281 1525 1337; baseline -0.002 -12"><span class='ocrx_word' id='word_1_155' title='bbox 126 1285 280 1325; x_wconf 78' lang='lat' dir='ltr'>‘23dine</span> <span class='ocrx_word' id='word_1_156' title='bbox 319 1284 471 1324; x_wconf 86' lang='lat' dir='ltr'>siccavi</span> <span class='ocrx_word' id='word_1_157' title='bbox 507 1284 675 1337; x_wconf 89' lang='lat' dir='ltr'>penitus</span> <span class='ocrx_word' id='word_1_158' title='bbox 708 1286 834 1336; x_wconf 89' lang='lat' dir='ltr'>atque</span> <span class='ocrx_word' id='word_1_159' title='bbox 867 1283 1019 1324; x_wconf 88' lang='lat' dir='ltr'>detersi</span> <span class='ocrx_word' id='word_1_160' title='bbox 1052 1296 1253 1323; x_wconf 89' lang='lat' dir='ltr'>cruorem.</span> <span class='ocrx_word' id='word_1_161' title='bbox 1315 1281 1392 1322; x_wconf 85' lang='lat' dir='ltr'>Illa</span> <span class='ocrx_word' id='word_1_162' title='bbox 1424 1285 1525 1322; x_wconf 88' lang='lat' dir='ltr'>tunc</span> 
     </span>
     <span class='ocr_line' id='line_1_22' title="bbox 186 1340 1524 1396; baseline -0.002 -13"><span class='ocrx_word' id='word_1_163' title='bbox 186 1358 277 1383; x_wconf 89' lang='lat' dir='ltr'>mea</span> <span class='ocrx_word' id='word_1_164' title='bbox 317 1356 443 1396; x_wconf 88' lang='lat' dir='ltr'>opera</span> <span class='ocrx_word' id='word_1_165' title='bbox 481 1345 522 1382; x_wconf 89' lang='lat' dir='ltr'>et</span> <span class='ocrx_word' id='word_1_166' title='bbox 559 1343 738 1382; x_wconf 86' lang='lat' dir='ltr'>medella</span> <span class='ocrx_word' id='word_1_167' title='bbox 774 1343 937 1382; x_wconf 85' lang='lat' dir='ltr'>levatus</span> <span class='ocrx_word' id='word_1_168' title='bbox 976 1342 1080 1394; x_wconf 86' lang='lat' dir='ltr'>pede</span> <span class='ocrx_word' id='word_1_169' title='bbox 1119 1342 1163 1381; x_wconf 88' lang='lat' dir='ltr'>in</span> <span class='ocrx_word' id='word_1_170' title='bbox 1194 1341 1388 1381; x_wconf 86' lang='lat' dir='ltr'>manibus</span> <span class='ocrx_word' id='word_1_171' title='bbox 1420 1340 1524 1380; x_wconf 88' lang='lat' dir='ltr'>meis</span> 
     </span>
     <span class='ocr_line' id='line_1_23' title="bbox 127 1398 1524 1454; baseline -0.002 -13"><span class='ocrx_word' id='word_1_172' title='bbox 127 1412 170 1441; x_wconf 81' lang='grc'>24</span> <span class='ocrx_word' id='word_1_173' title='bbox 186 1402 335 1454; x_wconf 40' lang='lat' dir='ltr'>posito*</span> <span class='ocrx_word' id='word_1_174' title='bbox 360 1401 554 1441; x_wconf 83' lang='lat' dir='ltr'>recubuit</span> <span class='ocrx_word' id='word_1_175' title='bbox 586 1404 627 1441; x_wconf 90' lang='lat' dir='ltr'>et</span> <span class='ocrx_word' id='word_1_176' title='bbox 660 1400 836 1453; x_wconf 80' lang='lat' dir='ltr'>quievit,</span> <span class='ocrx_word' id='word_1_177' title='bbox 875 1403 1001 1452; x_wconf 88' lang='lat' dir='ltr'>atque</span> <span class='ocrx_word' id='word_1_178' title='bbox 1034 1414 1083 1440; x_wconf 80' lang='lat' dir='ltr'>ex</span> <span class='ocrx_word' id='word_1_179' title='bbox 1116 1414 1165 1440; x_wconf 94' lang='lat' dir='ltr'>eo</span> <span class='ocrx_word' id='word_1_180' title='bbox 1198 1400 1263 1440; x_wconf 90' lang='lat' dir='ltr'>die</span> <span class='ocrx_word' id='word_1_181' title='bbox 1296 1398 1524 1439; x_wconf 89' lang='lat' dir='ltr'>triennium</span> 
     </span>
     <span class='ocr_line' id='line_1_24' title="bbox 185 1457 1524 1513; baseline -0.002 -13"><span class='ocrx_word' id='word_1_182' title='bbox 185 1463 324 1500; x_wconf 90' lang='lat' dir='ltr'>totum</span> <span class='ocrx_word' id='word_1_183' title='bbox 363 1473 441 1513; x_wconf 80' lang='lat' dir='ltr'>ego</span> <span class='ocrx_word' id='word_1_184' title='bbox 481 1461 522 1499; x_wconf 92' lang='lat' dir='ltr'>et</span> <span class='ocrx_word' id='word_1_185' title='bbox 558 1460 624 1500; x_wconf 92' lang='lat' dir='ltr'>leo</span> <span class='ocrx_word' id='word_1_186' title='bbox 664 1459 708 1498; x_wconf 90' lang='lat' dir='ltr'>in</span> <span class='ocrx_word' id='word_1_187' title='bbox 739 1459 882 1499; x_wconf 88' lang='lat' dir='ltr'>eadem</span> <span class='ocrx_word' id='word_1_188' title='bbox 916 1472 1043 1511; x_wconf 89' lang='lat' dir='ltr'>specu</span> <span class='ocrx_word' id='word_1_189' title='bbox 1075 1458 1306 1510; x_wconf 89' lang='lat' dir='ltr'>eodemque</span> <span class='ocrx_word' id='word_1_190' title='bbox 1338 1460 1379 1498; x_wconf 90' lang='lat' dir='ltr'>et</span> <span class='ocrx_word' id='word_1_191' title='bbox 1410 1457 1524 1497; x_wconf 85' lang='lat' dir='ltr'>victu</span> 
     </span>
     <span class='ocr_line' id='line_1_25' title="bbox 129 1515 1525 1569; baseline -0.002 -11"><span class='ocrx_word' id='word_1_192' title='bbox 129 1529 172 1558; x_wconf 80' lang='grc'>25</span> <span class='ocrx_word' id='word_1_193' title='bbox 188 1518 381 1558; x_wconf 75' lang='lat' dir='ltr'>viximus.</span> <span class='ocrx_word' id='word_1_194' title='bbox 432 1516 555 1569; x_wconf 76' lang='lat' dir='ltr'>Nam,</span> <span class='ocrx_word' id='word_1_195' title='bbox 582 1531 685 1569; x_wconf 88' lang='lat' dir='ltr'>quas</span> <span class='ocrx_word' id='word_1_196' title='bbox 713 1517 943 1557; x_wconf 83' lang='lat' dir='ltr'>venabatur</span> <span class='ocrx_word' id='word_1_197' title='bbox 962 1517 1083 1569; x_wconf 79' lang='lat' dir='ltr'>feras,</span> <span class='ocrx_word' id='word_1_198' title='bbox 1109 1516 1297 1557; x_wconf 87' lang='lat' dir='ltr'>membra</span> <span class='ocrx_word' id='word_1_199' title='bbox 1318 1515 1525 1569; x_wconf 85' lang='lat' dir='ltr'>opimiora</span> 
     </span>
     <span class='ocr_line' id='line_1_26' title="bbox 185 1574 1525 1629; baseline -0.002 -13"><span class='ocrx_word' id='word_1_200' title='bbox 185 1577 237 1616; x_wconf 85' lang='lat' dir='ltr'>ad</span> <span class='ocrx_word' id='word_1_201' title='bbox 264 1589 435 1629; x_wconf 86' lang='lat' dir='ltr'>specum</span> <span class='ocrx_word' id='word_1_202' title='bbox 462 1576 567 1615; x_wconf 88' lang='lat' dir='ltr'>mihi</span> <span class='ocrx_word' id='word_1_203' title='bbox 594 1576 858 1629; x_wconf 78' lang='lat' dir='ltr'>subgerebat,</span> <span class='ocrx_word' id='word_1_204' title='bbox 885 1589 990 1628; x_wconf 86' lang='lat' dir='ltr'>quae</span> <span class='ocrx_word' id='word_1_205' title='bbox 1017 1589 1096 1629; x_wconf 82' lang='lat' dir='ltr'>ego</span> <span class='ocrx_word' id='word_1_206' title='bbox 1122 1574 1233 1628; x_wconf 83' lang='lat' dir='ltr'>ignis</span> <span class='ocrx_word' id='word_1_207' title='bbox 1253 1574 1418 1627; x_wconf 87' lang='lat' dir='ltr'>copiam</span> <span class='ocrx_word' id='word_1_208' title='bbox 1439 1587 1525 1614; x_wconf 94' lang='lat' dir='ltr'>non</span> 
     </span>
     <span class='ocr_line' id='line_1_27' title="bbox 127 1631 1524 1675; baseline -0.001 -1"><span class='ocrx_word' id='word_1_209' title='bbox 127 1645 171 1675; x_wconf 81' lang='grc'>26</span> <span class='ocrx_word' id='word_1_210' title='bbox 186 1635 345 1675; x_wconf 87' lang='lat' dir='ltr'>habens</span> <span class='ocrx_word' id='word_1_211' title='bbox 383 1633 614 1674; x_wconf 88' lang='lat' dir='ltr'>meridiano</span> <span class='ocrx_word' id='word_1_212' title='bbox 655 1635 742 1674; x_wconf 92' lang='lat' dir='ltr'>sole</span> <span class='ocrx_word' id='word_1_213' title='bbox 779 1637 944 1674; x_wconf 89' lang='lat' dir='ltr'>torrens</span> <span class='ocrx_word' id='word_1_214' title='bbox 977 1633 1161 1673; x_wconf 88' lang='lat' dir='ltr'>edebam.</span> <span class='ocrx_word' id='word_1_215' title='bbox 1225 1631 1306 1673; x_wconf 83' lang='lat' dir='ltr'>Sed</span> <span class='ocrx_word' id='word_1_216' title='bbox 1337 1632 1411 1672; x_wconf 89' lang='lat' dir='ltr'>ubi</span> <span class='ocrx_word' id='word_1_217' title='bbox 1443 1631 1524 1672; x_wconf 85' lang='lat' dir='ltr'>me’</span> 
     </span>
     <span class='ocr_line' id='line_1_28' title="bbox 186 1690 1526 1745; baseline -0.002 -12"><span class='ocrx_word' id='word_1_218' title='bbox 186 1693 324 1745; x_wconf 90' lang='lat' dir='ltr'>inquit</span> <span class='ocrx_word' id='word_1_219' title='bbox 358 1692 483 1732; x_wconf 80' lang='lat' dir='ltr'>‘vitae</span> <span class='ocrx_word' id='word_1_220' title='bbox 514 1692 628 1732; x_wconf 77' lang='lat' dir='ltr'>illius</span> <span class='ocrx_word' id='word_1_221' title='bbox 660 1692 817 1732; x_wconf 83' lang='lat' dir='ltr'>ferinae</span> <span class='ocrx_word' id='word_1_222' title='bbox 850 1693 931 1731; x_wconf 91' lang='lat' dir='ltr'>iam</span> <span class='ocrx_word' id='word_1_223' title='bbox 965 1694 1203 1745; x_wconf 85' lang='lat' dir='ltr'>pertaesum</span> <span class='ocrx_word' id='word_1_224' title='bbox 1229 1694 1303 1743; x_wconf 76' lang='lat' dir='ltr'>est,</span> <span class='ocrx_word' id='word_1_225' title='bbox 1334 1691 1455 1731; x_wconf 92' lang='lat' dir='ltr'>leone</span> <span class='ocrx_word' id='word_1_226' title='bbox 1481 1690 1526 1730; x_wconf 91' lang='lat' dir='ltr'>in</span> 
     </span>
     <span class='ocr_line' id='line_1_29' title="bbox 186 1748 1525 1803; baseline -0.001 -13"><span class='ocrx_word' id='word_1_227' title='bbox 186 1754 385 1792; x_wconf 85' lang='lat' dir='ltr'>venatum</span> <span class='ocrx_word' id='word_1_228' title='bbox 417 1750 607 1803; x_wconf 83' lang='lat' dir='ltr'>profecto</span> <span class='ocrx_word' id='word_1_229' title='bbox 640 1751 792 1803; x_wconf 89' lang='lat' dir='ltr'>reliqui</span> <span class='ocrx_word' id='word_1_230' title='bbox 824 1764 994 1803; x_wconf 87' lang='lat' dir='ltr'>specum</span> <span class='ocrx_word' id='word_1_231' title='bbox 1028 1752 1069 1790; x_wconf 88' lang='lat' dir='ltr'>et</span> <span class='ocrx_word' id='word_1_232' title='bbox 1100 1749 1211 1789; x_wconf 86' lang='lat' dir='ltr'>viam</span> <span class='ocrx_word' id='word_1_233' title='bbox 1239 1749 1370 1789; x_wconf 90' lang='lat' dir='ltr'>ferme</span> <span class='ocrx_word' id='word_1_234' title='bbox 1396 1748 1525 1789; x_wconf 90' lang='lat' dir='ltr'>tridui</span> 
     </span>
     <span class='ocr_line' id='line_1_30' title="bbox 187 1807 1526 1862; baseline -0.002 -13"><span class='ocrx_word' id='word_1_235' title='bbox 187 1823 432 1862; x_wconf 87' lang='lat' dir='ltr'>permensus</span> <span class='ocrx_word' id='word_1_236' title='bbox 477 1823 499 1848; x_wconf 88' lang='lat' dir='ltr'>a</span> <span class='ocrx_word' id='word_1_237' title='bbox 544 1809 751 1849; x_wconf 89' lang='lat' dir='ltr'>militibus</span> <span class='ocrx_word' id='word_1_238' title='bbox 793 1809 906 1848; x_wconf 85' lang='lat' dir='ltr'>visus</span> <span class='ocrx_word' id='word_1_239' title='bbox 945 1807 1314 1861; x_wconf 88' lang='lat' dir='ltr'>adprehensusque</span> <span class='ocrx_word' id='word_1_240' title='bbox 1353 1821 1445 1847; x_wconf 87' lang='lat' dir='ltr'>sum</span> <span class='ocrx_word' id='word_1_241' title='bbox 1484 1808 1526 1847; x_wconf 90' lang='lat' dir='ltr'>et</span> 
     </span>
    </p>
   </div>
   <div class='ocr_carea' id='block_1_3' title="bbox 274 1885 467 1890">
    <p class='ocr_par' dir='ltr' id='par_1_3' title="bbox 274 1885 467 1890">
     <span class='ocr_line' id='line_1_31' title="bbox 274 1885 467 1890; baseline 0 0"><span class='ocrx_word' id='word_1_242' title='bbox 274 1885 467 1890; x_wconf 95' lang='lat' dir='ltr'> </span> 
     </span>
    </p>
   </div>
   <div class='ocr_carea' id='block_1_4' title="bbox 186 1910 1527 2328">
    <p class='ocr_par' dir='ltr' id='par_1_4' title="bbox 186 1910 1525 2038">
     <span class='ocr_line' id='line_1_32' title="bbox 282 1910 1523 1953; baseline -0.003 -8"><span class='ocrx_word' id='word_1_243' title='bbox 282 1915 300 1944; x_wconf 85' lang='lat'>5</span> <span class='ocrx_word' id='word_1_244' title='bbox 325 1911 419 1945; x_wconf 85' lang='lat' dir='ltr'>GLK</span> <span class='ocrx_word' id='word_1_245' title='bbox 439 1911 470 1944; x_wconf 85' lang='grc' dir='ltr'>Π</span> <span class='ocrx_word' id='word_1_246' title='bbox 490 1915 569 1952; x_wconf 81' lang='grc'>259</span> <span class='ocrx_word' id='word_1_247' title='bbox 590 1915 633 1945; x_wconf 81' lang='grc'>23</span> <span class='ocrx_word' id='word_1_248' title='bbox 656 1911 849 1945; x_wconf 74' lang='lat' dir='ltr'>‘feminino</span> <span class='ocrx_word' id='word_1_249' title='bbox 869 1912 994 1945; x_wconf 88' lang='lat' dir='ltr'>tamen</span> <span class='ocrx_word' id='word_1_250' title='bbox 1014 1911 1082 1944; x_wconf 86' lang='lat' dir='ltr'>hoc</span> <span class='ocrx_word' id='word_1_251' title='bbox 1102 1920 1235 1944; x_wconf 88' lang='lat' dir='ltr'>nomen</span> <span class='ocrx_word' id='word_1_252' title='bbox 1256 1910 1412 1953; x_wconf 78' lang='lat' dir='ltr'>(specus)</span> <span class='ocrx_word' id='word_1_253' title='bbox 1435 1919 1523 1952; x_wconf 90' lang='lat' dir='ltr'>quo-</span> 
     </span>
     <span class='ocr_line' id='line_1_33' title="bbox 187 1939 1525 2002; baseline -0.003 -11"><span class='ocrx_word' id='word_1_254' title='bbox 187 1969 257 2001; x_wconf 89' lang='lat' dir='ltr'>que</span> <span class='ocrx_word' id='word_1_255' title='bbox 278 1963 411 2002; x_wconf 84' lang='lat' dir='ltr'>genere</span> <span class='ocrx_word' id='word_1_256' title='bbox 432 1939 625 1992; x_wconf 81' lang='lat' dir='ltr'>invenitur.</span> <span class='ocrx_word' id='word_1_257' title='bbox 664 1957 831 2002; x_wconf 85' lang='lat' dir='ltr'>Agellius</span> <span class='ocrx_word' id='word_1_258' title='bbox 851 1958 1016 1991; x_wconf 84' lang='lat' dir='ltr'>noctium</span> <span class='ocrx_word' id='word_1_259' title='bbox 1036 1957 1244 1990; x_wconf 85' lang='lat' dir='ltr'>Atticarum</span> <span class='ocrx_word' id='word_1_260' title='bbox 1263 1955 1313 1989; x_wconf 81' lang='lat' dir='ltr'>VI</span> <span class='ocrx_word' id='word_1_261' title='bbox 1333 1955 1427 1999; x_wconf 83' lang='lat' dir='ltr'>(sic):</span> <span class='ocrx_word' id='word_1_262' title='bbox 1449 1954 1525 1988; x_wconf 86' lang='lat' dir='ltr'>sole</span> 
     </span>
     <span class='ocr_line' id='line_1_34' title="bbox 186 2001 1525 2046; baseline -0.003 -8"><span class='ocrx_word' id='word_1_263' title='bbox 186 2005 307 2038; x_wconf 88' lang='lat' dir='ltr'>medio</span> <span class='ocrx_word' id='word_1_264' title='bbox 323 2005 553 2038; x_wconf 87' lang='lat' dir='ltr'>—recondo&#39;</span> <span class='ocrx_word' id='word_1_265' title='bbox 572 2005 764 2038; x_wconf 85' lang='lat' dir='ltr'>=Anecd.</span> <span class='ocrx_word' id='word_1_266' title='bbox 781 2004 823 2037; x_wconf 94' lang='lat' dir='ltr'>H.</span> <span class='ocrx_word' id='word_1_267' title='bbox 848 2007 924 2046; x_wconf 83' lang='grc'>102,</span> <span class='ocrx_word' id='word_1_268' title='bbox 941 2008 983 2037; x_wconf 83' lang='grc'>25</span> <span class='ocrx_word' id='word_1_269' title='bbox 1129 2006 1170 2036; x_wconf 81' lang='grc'>27</span> <span class='ocrx_word' id='word_1_270' title='bbox 1192 2001 1488 2043; x_wconf 80' lang='lat' dir='ltr'>Amm.XXV16‚</span> <span class='ocrx_word' id='word_1_271' title='bbox 1504 2004 1525 2034; x_wconf 84' lang='lat'>4</span> 
     </span>
    </p>

    <p class='ocr_par' dir='ltr' id='par_1_5' title="bbox 187 2094 1527 2328">
     <span class='ocr_line' id='line_1_35' title="bbox 283 2094 1523 2141; baseline -0.002 -11"><span class='ocrx_word' id='word_1_272' title='bbox 283 2101 301 2130; x_wconf 86' lang='lat'>3</span> <span class='ocrx_word' id='word_1_273' title='bbox 334 2098 474 2131; x_wconf 89' lang='lat' dir='ltr'>tuciore</span> <span class='ocrx_word' id='word_1_274' title='bbox 499 2101 564 2130; x_wconf 83' lang='lat' dir='ltr'>Rv</span> <span class='ocrx_word' id='word_1_275' title='bbox 587 2098 598 2141; x_wconf 89' lang='grc' dir='ltr'>Η</span> <span class='ocrx_word' id='word_1_276' title='bbox 621 2101 640 2130; x_wconf 87' lang='grc'><strong>6</strong></span> <span class='ocrx_word' id='word_1_277' title='bbox 672 2097 803 2141; x_wconf 86' lang='lat' dir='ltr'>rapido</span> <span class='ocrx_word' id='word_1_278' title='bbox 831 2111 856 2130; x_wconf 88' lang='grc' dir='ltr'><em>ω</em></span> <span class='ocrx_word' id='word_1_279' title='bbox 882 2108 970 2131; x_wconf 61' lang='lat' dir='ltr'>corn)</span> <span class='ocrx_word' id='word_1_280' title='bbox 999 2097 1193 2130; x_wconf 78' lang='lat' dir='ltr'>LMueller</span> <span class='ocrx_word' id='word_1_281' title='bbox 1217 2096 1254 2128; x_wconf 88' lang='lat' dir='ltr'>et</span> <span class='ocrx_word' id='word_1_282' title='bbox 1280 2094 1382 2128; x_wconf 88' lang='lat' dir='ltr'>arido</span> <span class='ocrx_word' id='word_1_283' title='bbox 1410 2094 1523 2128; x_wconf 43' lang='lat' dir='ltr'>Przffse</span> 
     </span>
     <span class='ocr_line' id='line_1_36' title="bbox 187 2142 1523 2187; baseline -0.003 -9"><span class='ocrx_word' id='word_1_284' title='bbox 187 2148 219 2178; x_wconf 76' lang='lat' dir='ltr'>et</span> <span class='ocrx_word' id='word_1_285' title='bbox 244 2144 377 2178; x_wconf 74' lang='lat' dir='ltr'>Aneed.</span> <span class='ocrx_word' id='word_1_286' title='bbox 403 2146 584 2187; x_wconf 66' lang='lat' dir='ltr'>[nanctus</span> <span class='ocrx_word' id='word_1_287' title='bbox 616 2154 703 2177; x_wconf 83' lang='lat' dir='ltr'>rem</span> <span class='ocrx_word' id='word_1_288' title='bbox 732 2144 921 2177; x_wconf 85' lang='lat' dir='ltr'>inveniens</span> <span class='ocrx_word' id='word_1_289' title='bbox 948 2143 1152 2186; x_wconf 64' lang='grc' dir='ltr'>14116οώΗῖ</span> <span class='ocrx_word' id='word_1_290' title='bbox 1186 2142 1224 2175; x_wconf 87' lang='grc'>111</span> <span class='ocrx_word' id='word_1_291' title='bbox 1256 2152 1338 2175; x_wconf 86' lang='lat' dir='ltr'>eam</span> <span class='ocrx_word' id='word_1_292' title='bbox 1368 2151 1426 2174; x_wconf 89' lang='lat' dir='ltr'>me</span> <span class='ocrx_word' id='word_1_293' title='bbox 1458 2151 1523 2175; x_wconf 81' lang='lat' dir='ltr'>om.</span> 
     </span>
     <span class='ocr_line' id='line_1_37' title="bbox 188 2186 1527 2234; baseline -0.004 -9"><span class='ocrx_word' id='word_1_294' title='bbox 188 2191 301 2225; x_wconf 82' lang='lat' dir='ltr'>Prisc</span> <span class='ocrx_word' id='word_1_295' title='bbox 323 2190 578 2233; x_wconf 83' lang='lat' dir='ltr'>latebramque</span> <span class='ocrx_word' id='word_1_296' title='bbox 598 2192 750 2234; x_wconf 88' lang='lat' dir='ltr'>penetro</span> <span class='ocrx_word' id='word_1_297' title='bbox 771 2192 808 2224; x_wconf 88' lang='lat' dir='ltr'>et</span> <span class='ocrx_word' id='word_1_298' title='bbox 827 2201 896 2224; x_wconf 88' lang='lat' dir='ltr'>rec.</span> <span class='ocrx_word' id='word_1_299' title='bbox 914 2200 972 2223; x_wconf 88' lang='lat' dir='ltr'>me</span> <span class='ocrx_word' id='word_1_300' title='bbox 988 2190 1121 2224; x_wconf 75' lang='lat' dir='ltr'>Anecd</span> <span class='ocrx_word' id='word_1_301' title='bbox 1136 2189 1147 2207; x_wconf 77' lang='lat'>&#39;⁵</span> <span class='ocrx_word' id='word_1_302' title='bbox 1163 2192 1204 2222; x_wconf 84' lang='lat'>15</span> <span class='ocrx_word' id='word_1_303' title='bbox 1225 2187 1460 2221; x_wconf 82' lang='lat' dir='ltr'>subleuatum</span> <span class='ocrx_word' id='word_1_304' title='bbox 1473 2190 1503 2219; x_wconf 83' lang='lat' dir='ltr'><strong>R</strong></span> <span class='ocrx_word' id='word_1_305' title='bbox 1515 2186 1527 2232; x_wconf 98' lang='grc' dir='ltr'>Η</span> 
     </span>
     <span class='ocr_line' id='line_1_38' title="bbox 191 2217 1526 2282; baseline -0.003 -12"><span class='ocrx_word' id='word_1_306' title='bbox 191 2240 232 2270; x_wconf 81' lang='grc'>16</span> <span class='ocrx_word' id='word_1_307' title='bbox 252 2248 405 2282; x_wconf 86' lang='lat' dir='ltr'>pergere</span> <span class='ocrx_word' id='word_1_308' title='bbox 424 2241 449 2270; x_wconf 88' lang='lat' dir='ltr'>P</span> <span class='ocrx_word' id='word_1_309' title='bbox 467 2248 621 2282; x_wconf 84' lang='lat' dir='ltr'>porgere</span> <span class='ocrx_word' id='word_1_310' title='bbox 641 2237 732 2271; x_wconf 77' lang='lat' dir='ltr'>JGr.</span> <span class='ocrx_word' id='word_1_311' title='bbox 754 2240 765 2281; x_wconf 92' lang='grc' dir='ltr'>Η</span> <span class='ocrx_word' id='word_1_312' title='bbox 785 2241 828 2270; x_wconf 88' lang='grc'>20</span> <span class='ocrx_word' id='word_1_313' title='bbox 853 2237 1007 2270; x_wconf 85' lang='lat' dir='ltr'>siccauit</span> <span class='ocrx_word' id='word_1_314' title='bbox 1028 2257 1071 2261; x_wconf 89' lang='lat'>——</span> <span class='ocrx_word' id='word_1_315' title='bbox 1092 2217 1245 2270; x_wconf 85' lang='lat' dir='ltr'>detersit</span> <span class='ocrx_word' id='word_1_316' title='bbox 1264 2238 1293 2267; x_wconf 80' lang='lat' dir='ltr'><strong>R</strong></span> <span class='ocrx_word' id='word_1_317' title='bbox 1311 2236 1322 2277; x_wconf 93' lang='grc' dir='ltr'>Η</span> <span class='ocrx_word' id='word_1_318' title='bbox 1343 2237 1386 2267; x_wconf 82' lang='grc'>23</span> <span class='ocrx_word' id='word_1_319' title='bbox 1407 2235 1444 2267; x_wconf 88' lang='lat' dir='ltr'>et</span> <span class='ocrx_word' id='word_1_320' title='bbox 1463 2233 1526 2267; x_wconf 79' lang='lat' dir='ltr'>alt.</span> 
     </span>
     <span class='ocr_line' id='line_1_39' title="bbox 187 2284 727 2328; baseline 0.004 -11"><span class='ocrx_word' id='word_1_321' title='bbox 187 2294 253 2318; x_wconf 83' lang='lat' dir='ltr'>om.</span> <span class='ocrx_word' id='word_1_322' title='bbox 274 2287 304 2316; x_wconf 86' lang='lat' dir='ltr'>B.</span> <span class='ocrx_word' id='word_1_323' title='bbox 322 2286 333 2327; x_wconf 95' lang='grc' dir='ltr'>Η</span> <span class='ocrx_word' id='word_1_324' title='bbox 354 2287 397 2317; x_wconf 87' lang='grc'>24</span> <span class='ocrx_word' id='word_1_325' title='bbox 423 2285 454 2317; x_wconf 84' lang='lat' dir='ltr'>si</span> <span class='ocrx_word' id='word_1_326' title='bbox 481 2295 572 2328; x_wconf 80' lang='lat' dir='ltr'>quas</span> <span class='ocrx_word' id='word_1_327' title='bbox 592 2284 727 2319; x_wconf 76' lang='lat' dir='ltr'>Sarisb.</span> 
     </span>
    </p>
   </div>
   <div class='ocr_carea' id='block_1_5' title="bbox 293 2067 468 2069">
    <p class='ocr_par' dir='ltr' id='par_1_6' title="bbox 293 2067 468 2069">
     <span class='ocr_line' id='line_1_40' title="bbox 293 2067 468 2069; baseline 0 0"><span class='ocrx_word' id='word_1_328' title='bbox 293 2067 468 2069; x_wconf 95' lang='lat' dir='ltr'> </span> 
     </span>
    </p>
   </div>
   <div class='ocr_carea' id='block_1_6' title="bbox 1544 715 1576 740">
    <p class='ocr_par' dir='ltr' id='par_1_7' title="bbox 1544 715 1576 740">
     <span class='ocr_line' id='line_1_41' title="bbox 1544 715 1576 740; baseline 0 0"><span class='ocrx_word' id='word_1_329' title='bbox 1544 715 1576 740; x_wconf 81' lang='lat'>10</span> 
     </span>
    </p>
   </div>
   <div class='ocr_carea' id='block_1_7' title="bbox 1544 1007 1576 1032">
    <p class='ocr_par' dir='ltr' id='par_1_8' title="bbox 1544 1007 1576 1032">
     <span class='ocr_line' id='line_1_42' title="bbox 1544 1007 1576 1032; baseline 0 0"><span class='ocrx_word' id='word_1_330' title='bbox 1544 1007 1576 1032; x_wconf 84' lang='lat'>15</span> 
     </span>
    </p>
   </div>
   <div class='ocr_carea' id='block_1_8' title="bbox 1545 1299 1578 1323">
    <p class='ocr_par' dir='ltr' id='par_1_9' title="bbox 1545 1299 1578 1323">
     <span class='ocr_line' id='line_1_43' title="bbox 1545 1299 1578 1323; baseline -0.03 0"><span class='ocrx_word' id='word_1_331' title='bbox 1545 1299 1578 1323; x_wconf 83' lang='lat'>20</span> 
     </span>
    </p>
   </div>
   <div class='ocr_carea' id='block_1_9' title="bbox 1545 1589 1577 1614">
    <p class='ocr_par' dir='ltr' id='par_1_10' title="bbox 1545 1589 1577 1614">
     <span class='ocr_line' id='line_1_44' title="bbox 1545 1589 1577 1614; baseline 0 0"><span class='ocrx_word' id='word_1_332' title='bbox 1545 1589 1577 1614; x_wconf 77' lang='lat'>25</span> 
     </span>
    </p>
   </div>
  </div>
 </body>
</html>
