1611 2474
157 90 243 131 340
757 88 788 121 X
816 93 852 130 23
880 92 899 121 3

157 201 382 252 postquam
422 197 602 251 peperit,
640 198 871 250 mortuam,
908 199 1312 250 monumentumque
1345 197 1382 237 ei
1413 196 1496 238 fac-

156 261 247 298 tum
279 258 396 298 iussu
428 255 613 309 Augusti
644 255 688 295 111
720 256 787 295 via
819 254 1092 309 Laurentina,
1130 256 1257 308 inque
1288 269 1336 296 eo
1369 256 1497 309 scrip-

156 319 247 357 tum
280 330 369 356 esse
401 329 623 355 numerum
655 315 869 368 puerperii
901 315 1002 366 eius,
1034 315 1084 354 de
1116 328 1199 367 quo
1233 314 1425 355 diximus.

797 454 860 495 ΠΙ

156 538 334 571 Locorum
360 536 591 580 quorundam
616 536 824 570 inlustrium
854 535 1025 579 conlatio,
1052 536 1314 580 contentioque
1333 535 1434 569 facta
1454 546 1498 569 ex
1535 546 1550 571 5

204 583 432 618 orationibus
459 583 494 617 C.
518 582 674 618 Gracchi
701 585 737 617 et
761 583 809 616 M.
832 582 1016 618 Ciceronis
1043 585 1080 617 et
1105 582 1153 617 M.
1175 581 1334 617 Catonis.

124 681 140 709 1
245 668 386 709 Fortis
412 683 460 709 ac
486 669 710 709 vehemens
732 670 873 708 orator
892 668 1158 709 existimatur
1179 681 1266 708 esse
1287 666 1329 708 C.
1352 666 1498 708 Grac-

158 728 290 768 chus.
352 726 490 768 Nemo
529 728 571 768 id
609 729 746 781 negat.
810 726 891 767 Sed
930 727 1043 780 quod
1080 726 1295 766 nonnullis
1332 726 1499 767 videtur

158 787 358 839 severior,
403 786 540 827 acrior
577 786 841 839 ampliorque
880 800 969 826 esse
1007 785 1060 825 M.
1094 785 1282 837 Tullio,
1319 785 1419 826 ferri
1456 785 1499 825 id

124 846 232 898 *2qui
293 845 461 898 potest?
545 844 808 900 Legebamus
870 845 973 885 adeo
1029 859 1165 897 nuper
1219 845 1498 885 orationem
1520 862 1552 886 ιο

161 904 375 945 Gracchi
414 904 471 944 de
508 904 709 958 legibus
747 903 1103 969 promulgatis,
1141 904 1185 943 in
1219 917 1301 956 qua
1332 902 1386 943 Μ.
1413 902 1499 943 Ma-

158 964 268 1004 rium
302 965 344 1003 et
375 963 579 1029 quosdam
613 977 663 1003 ex
694 962 937 1016 municipiis
963 961 1122 1003 Italicis
1154 962 1354 1002 honestos
1387 962 1499 1002 viros

158 1022 289 1076 virgis
321 1036 397 1075 per
427 1022 625 1062 iniuriam
658 1035 801 1062 caesos
834 1036 857 1061 a
888 1021 1207 1076 magistratibus
1238 1020 1387 1074 populi
1417 1019 1499 1060 Ro-

160 1081 291 1133 mani,
324 1083 481 1134 quanta
512 1080 697 1121 maxima
729 1080 887 1120 invidia
919 1083 1075 1133 potest,
1108 1080 1390 1132 conqueritur.

125 1151 144 1180 3
248 1139 388 1180 Verba
426 1140 530 1180 haec
568 1141 682 1192 sunt,
726 1153 832 1192 quae
871 1154 996 1192 super
1032 1153 1079 1179 ea
1116 1153 1159 1179 re
1197 1139 1297 1179 fecit
1337 1138 1360 1191 (
1361 1137 1483 1179 ORF
1486 1136 1500 1159 ²
1520 1155 1552 1181 15

151 1213 194 1251 p.
221 1198 344 1252 235):
382 1197 555 1252 Nuper
586 1197 804 1238 Teanum
832 1196 1110 1238 Sidicinum
1143 1197 1319 1238 consul
1350 1196 1499 1237 venit.

160 1257 296 1298 onr
338 1258 444 1298 eius
484 1257 616 1297 dixit
654 1271 703 1297 se
741 1258 790 1297 in
828 1256 1024 1297 balneis
1062 1256 1302 1297 virilibus
1340 1255 1501 1296 lavari

160 1316 303 1357 velle.
368 1315 638 1364 Quaestori
672 1314 898 1356 Sidicino
938 1315 991 1356 M.
1024 1315 1181 1356 Mario
1221 1315 1389 1355 datum
1427 1317 1501 1355 est

159 1375 445 1430 negotium
493 1375 569 1415 uti
612 1374 809 1415 balneis
854 1374 1197 1429 exigerentur,
1241 1374 1326 1426 qui
1368 1374 1500 1414 lava-

160 1410 353 1474 bantur
423 1433 559 1474 onr
604 1434 866 1474 renuntiat
906 1434 1013 1474 viro
1051 1447 1223 1486 parum
1262 1433 1363 1473 cito
1403 1432 1554 1474 sibi20

161 1492 367 1534 balneas
412 1493 626 1533 traditas
672 1507 778 1533 esse
822 1495 869 1533 et
912 1507 1084 1545 parum
1127 1492 1293 1532 lautas
1331 1491 1499 1531 fuisse.

160 1550 357 1593 Idcirco
394 1552 537 1605 palus
571 1551 848 1591 destitutus
881 1554 955 1591 est
987 1552 1037 1591 in
1067 1551 1195 1603 foro,
1234 1564 1390 1602 eoque
1422 1550 1501 1590 ad—

162 1611 341 1651 ductus
375 1625 492 1650 suae
521 1610 752 1651 civitatis
778 1609 1132 1650 nobilissimus
1159 1609 1304 1649 homo
1331 1608 1384 1649 M.
1405 1608 1502 1648 Ma-

161 1670 277 1709 rius.
341 1668 659 1709 Vestimenta
698 1669 924 1709 detracta
962 1671 1095 1721 sunt,
1132 1668 1292 1722 virgis
1328 1681 1501 1708 caesus

162 1731 247 1769 est.
326 1726 516 1780 Caleni,
566 1727 651 1768 ubi
695 1728 743 1768 id
786 1727 1071 1780 audierunt,
1117 1727 1401 1779 edixerunt,
1443 1740 1502 1766 ne
1522 1742 1554 1768 25

164 1787 274 1840 quis
308 1787 357 1827 in
390 1787 586 1827 balneis
619 1787 805 1827 lavisse
835 1787 1007 1839 vellet⁷
1040 1800 1147 1827 cum
1173 1785 1501 1840 magistratus

162 1845 414 1886 Romanus
434 1845 506 1885 ibi
527 1848 668 1886 esset.
719 1844 980 1885 Ferentini
1001 1845 1059 1885 ob
1081 1845 1283 1885 eandem
1305 1858 1502 1885 causam

163 1907 367 1957 praetor
411 1907 583 1945 noster
628 1906 925 1958 quaestores
969 1903 1128 1957 arripi
1165 1903 1332 1943 iussit:
1376 1903 1505 1943 alter

260 2047 276 2076 1
310 2043 495 2087 pepeierit
520 2044 631 2077 Hertz
655 2043 658 2088 Ι
683 2043 760 2077 81118
785 2046 817 2075 X
841 2045 852 2086 ΙΙ
879 2045 898 2076 3
932 2053 1004 2086 qua
1029 2042 1079 2075 X2
1103 2044 1113 2086 ΙΙ
1140 2045 1158 2075 6
1185 2047 1217 2076 et
1243 2045 1261 2074 7
1290 2041 1325 2075 C.
1358 2052 1423 2075 om.
1445 2042 1474 2075 δ
1493 2042 1504 2085 ΙΙ

166 2093 184 2122 9
212 2090 332 2123 senior
358 2091 548 2134 a<riorque
575 2094 597 2122 Z
616 2092 628 2134 ΙΙ
650 2093 691 2123 10
723 2090 760 2123 in
788 2090 953 2124 oratione
978 2093 1000 2122 Z
1020 2092 1031 2134 ΙΙ
1053 2093 1092 2123 11
1124 2089 1188 2135 M.]
1215 2100 1280 2124 om.
1302 2091 1361 2126 ΩΒ
1386 2088 1426 2122 in
1451 2091 1473 2120 Ζ
1493 2089 1504 2132 ΙΙ

167 2140 208 2170 12
230 2136 366 2170 italicis
382 2148 445 2171 om.
462 2140 487 2170 B
508 2137 613 2171 alicis
629 2140 685 2174 Qz
704 2138 715 2180 ΙΙ
738 2140 777 2170 17
800 2137 878 2170 81118
899 2136 1033 2170 dixisse
1054 2137 1098 2181 (is
1113 2138 1151 2170 in
1165 2147 1236 2171 offas
1253 2137 1292 2179 Q.)
1307 2136 1336 2170 δ
1355 2146 1443 2169 corr.
1460 2134 1505 2172 (2²

166 2183 283 2217 edixit
314 2184 423 2228 (dixit
448 2186 491 2227 N)
524 2195 561 2218 se
593 2185 645 2227 (88
676 2195 741 2218 om.
768 2185 812 2228 X)
837 2196 862 2228 y
893 2186 903 2228 ΙΙ
937 2187 978 2218 18
1012 2183 1084 2218 Sid
1112 2183 1176 2229 M.]
1207 2183 1314 2217 Mms.
1347 2182 1503 2216 sidicino

166 2229 308 2275 (—icioni
336 2230 417 2263 0X²
442 2230 507 2264 -ici
533 2231 605 2264 omi
630 2231 674 2274 X)
708 2242 729 2264 a
755 2243 800 2264 m.
827 2243 852 2275 γ
881 2230 1077 2264 sidicinam
1103 2231 1132 2264 δ
1157 2232 1168 2274 ΙΙ
1195 2234 1237 2263 19
1264 2229 1404 2263 exirent
1430 2227 1475 2266 αἳ
1493 2229 1504 2274 ΙΙ

166 2281 209 2311 22
235 2276 368 2321 paulus
389 2279 418 2311 δ
441 2278 444 2323 Ι
469 2277 647 2311 deductus
669 2280 713 2311 H
728 2280 739 2321 ΙΙ
760 2281 802 2311 23
828 2288 886 2312 1118
906 2278 1043 2312 malins
1064 2279 1093 2312 δ
1111 2278 1122 2321 ΙΙ
1143 2281 1185 2311 25
1213 2275 1468 2319 Caleni—341
1484 2279 1503 2309 2

166 2336 231 2359 om.
235 2289 282 2359 pd
304 2324 308 2370 Ι
332 2323 521 2358 calenilibi
541 2337 565 2369 y
