1617 2484
688 66 733 99 IX
763 72 800 109 33
827 71 846 100 4
1355 68 1439 108 313

102 176 165 214 est
207 174 259 214 ad
303 174 631 214 commonendos
676 177 897 227 parentum
939 175 1114 215 animos.
1181 174 1477 228 Exponendaf,

102 235 165 273 est
196 233 326 286 igitur
358 231 409 272 ad
442 233 549 273 hanc
580 232 711 273 ferme
744 234 1013 273 sententiam:

280 313 519 367 ‘Philippus
551 313 771 355 Aristoteli
805 315 983 356 salutem
1017 316 1127 356 dicit.

190 395 344 437 Filium
396 396 500 436 mihi
548 397 738 450 genitum
782 397 900 437 scito.
975 396 1095 445 Quod
1141 398 1333 450 equidem
1380 398 1442 438 dis

66 472 81 496 5
101 454 238 495 habeo
270 455 462 509 gratiam,
493 469 579 495 non
611 456 786 508 proinde
819 456 917 509 quia
950 459 1073 496 natus
1106 459 1180 509 est,
1213 471 1337 509 quam
1366 471 1442 510 pro

102 527 163 567 eo,
199 514 311 566 quod
342 514 459 554 nasci
491 513 671 567 contigit
702 514 965 566 temporibus
998 515 1108 555 vitae
1139 518 1247 555 tuae.
1311 514 1442 568 Spero

101 572 212 612 enim
245 573 346 625 fore,
379 575 426 612 ut
457 572 631 612 eductus
664 572 937 625 eruditusque
969 588 992 613 a
1024 576 1065 613 te
1091 574 1243 628 dignus
1270 574 1445 614 exsistat

102 633 143 671 et
174 631 297 671 nobis
330 633 372 671 et
402 645 541 671 rerum
576 631 750 671 istarum
784 632 1079 685 susceptione.'

189 688 328 742 Ipsius
361 692 501 730 autem
534 689 723 743 Philippi
756 690 882 730 verba
915 691 1018 731 haec
1050 694 1163 731 sunt:
1459 704 1478 733 6

49 787 82 812 10
282 773 538 820 Φίλιππος
568 770 909 825 Ἀριστοτέλει
942 774 1157 826 χαίρειν.

176 851 314 893 Ἴσθι
352 869 436 907 μοι
476 855 728 906 γεγονότα
764 855 892 895 υἱόν.
958 855 1167 907 Πολλὴν
1205 851 1298 895 οὖν
1336 861 1444 903 τοῖς

102 914 248 960 θεοῖς
279 909 373 965 ἔχω
406 912 578 966 χάριν,
610 912 701 966 οὐχ
734 912 895 961 οὕτως
928 911 1007 954 ἐπὶ
1040 919 1095 967 τῇ
1126 913 1327 965 γενέσει
1353 919 1443 954 τοῦ

101 969 305 1022 παιδός,
338 970 401 1019 ὡς
434 969 514 1011 ἐπὶ
546 977 611 1026 τῷ
644 972 768 1012 κατὰ
800 972 892 1024 τὴν
924 972 1019 1025 σὴν
1051 971 1258 1024 ἡλικίαν
1286 971 1443 1013 αὐτὸν

102 1028 393 1081 γεγονέναι·
451 1028 634 1079 ἐλπίζω
688 1031 781 1083 γὰρ
833 1030 991 1071 αὐτὸν
1039 1030 1136 1071 ὑπὸ
1187 1037 1278 1071 σοῦ
1330 1046 1443 1084 τρα-

50 1103 82 1129 15
103 1085 263 1140 φέντα
295 1086 377 1129 καὶ
403 1087 756 1129 παιδευθέντα
783 1088 929 1138 ἄξιον
955 1086 1168 1130 ἔσεσθαι
1194 1087 1277 1130 καὶ
1305 1088 1443 1143 ἡμῶν

102 1143 304 1199 καὶτῆς
335 1153 436 1187 τῶν
466 1147 778 1201 πραγμάτων
812 1148 1069 1201 διαδοχῆς.

743 1275 803 1316 IV

99 1353 153 1388 De
186 1354 426 1388 barbararum
458 1355 625 1400 gentium
654 1355 879 1399 prodigiosis
905 1356 1110 1399 miraculis3
1144 1356 1264 1399 deque
1291 1356 1381 1389 diris
1407 1358 1445 1390 et

148 1401 312 1435 exitiosis
351 1401 711 1446 effascinationibus3
751 1404 863 1447 atque
901 1404 994 1437 inibi
1033 1404 1078 1437 de
1112 1403 1260 1438 feminis
1292 1405 1444 1447 repente

47 1458 80 1483 20
146 1458 260 1482 versis
286 1461 325 1483 ln
350 1459 480 1483 mares.

189 1531 295 1573 Cum
327 1547 349 1573 e
376 1532 550 1574 Graecia
582 1534 626 1574 in
650 1532 818 1574 Italiam
844 1534 1075 1575 rediremus
1102 1537 1143 1575 et
1169 1533 1441 1574 Brundisium
1459 1546 1475 1575 1

99 1591 255 1632 iremus
293 1592 535 1646 egressique
573 1606 595 1632 e
632 1593 729 1632 navi
767 1593 811 1632 in
848 1595 1003 1633 terram
1040 1593 1085 1633 in
1116 1596 1243 1646 portu
1275 1593 1349 1632 illo
1382 1593 1442 1632 in-

101 1650 201 1690 clito
240 1650 535 1703 spassiaremur,
575 1665 699 1704 quem
740 1650 785 1699 Q.
818 1650 1010 1692 Ennius
1049 1651 1236 1704 (215111.
1268 1654 1352 1691 373
1371 1650 1442 1704 B.)

98 1708 324 1748 remotiore
356 1709 542 1762 paulum,
574 1709 645 1750 sed
678 1710 904 1750 admodum
938 1710 1043 1750 scito
1076 1709 1282 1750 vocabulo
1312 1710 1442 1762 ‘prae-

47 1782 80 1808 25
99 1767 255 1819 petem’
292 1768 540 1820 appellavit,
577 1768 711 1808 fasces
743 1768 949 1808 librorum
981 1767 1194 1808 venalium
1227 1768 1442 1821 expositos

99 1824 292 1865 vidimus.
367 1824 508 1878 Atque
553 1839 631 1880 ego
676 1826 797 1867 avide
841 1827 983 1867 statim
1028 1840 1158 1881 pergo
1203 1827 1255 1866 ad
1297 1827 1476 1867 libros.2

99 1882 234 1923 Erant
271 1886 412 1924 autem
450 1885 521 1925 isti
560 1899 703 1925 omnes
741 1885 840 1925 libri
873 1883 1019 1925 Graeci
1051 1884 1351 1925 miraculorum
1383 1885 1476 1926 fa-3

100 1941 380 1994 bularumque
411 1943 543 1995 pleni,
577 1957 642 1984 res
675 1943 900 1996 inauditae,
932 1944 1184 1996 incredulae,
1216 1944 1441 1997 scriptores

100 2002 259 2040 veteres
286 2015 373 2040 non
398 2016 551 2054 parvae
576 2002 857 2042 auctoritatis:
883 2001 1112 2042 Aristeas
1132 2001 1441 2043 Proconnesius

195 2131 237 2160 21
265 2127 323 2160 Ad
342 2129 461 2162 totum
482 2129 594 2172 caput
614 2128 677 2161 cfr.
699 2129 846 2172 praeter
865 2128 958 2162 Plin.
979 2128 1046 2162 VH
1066 2133 1096 2169 2,
1119 2132 1138 2162 9
1155 2140 1231 2171 sqq.
1256 2128 1343 2162 Isid.
1358 2128 1407 2161 XI
1421 2132 1440 2161 3

196 2248 213 2277 1
236 2244 519 2278 commonendos
539 2255 582 2278 ex
601 2245 719 2278 -oueri
734 2248 760 2282 Q
779 2246 789 2289 Ι]
809 2249 829 2278 4
851 2256 922 2289 quo
937 2246 1072 2281 Sarz'sb.
1093 2247 1104 2290 ΙΙ
1124 2249 1144 2279 8
1161 2247 1369 2280 nostrarum
1382 2245 1439 2280 Sk.

101 2301 150 2325 an
176 2291 365 2335 ipsarum?
384 2293 394 2335 Η
417 2294 457 2324 19
485 2290 804 2325 effacinominibus
825 2295 846 2324 Z
