1611 2474
185 65 267 105 182
767 64 816 98 IV
844 68 879 106 13
907 68 925 97 ‘2

182 181 199 214 <
211 173 315 224 suo>
342 173 546 213 vocabulo
573 172 858 213 demonstrare
880 187 966 213 non
985 172 1123 213 minus
1143 175 1263 226 turpe
1284 175 1357 225 est,
1383 187 1508 226 quam

180 231 395 272 hominem
427 246 511 271 non
544 244 618 271 suo
650 231 819 271 nomine
851 231 1086 285 appellare.’

125 301 165 330 19
271 289 340 331 Sic
379 289 654 330 Favorinus
699 304 910 330 sermones
954 290 996 330 id
1037 304 1167 344 genus
1206 303 1447 330 communes
1484 303 1509 329 a

180 349 304 390 rebus
343 349 482 401 parvis
520 351 562 388 ei:
591 348 757 403 frigidis
789 348 1022 389 abducebat
1052 348 1104 388 ad
1136 363 1199 401 ea,
1238 363 1342 401 quae
1373 348 1507 403 magis

178 408 283 448 utile
325 410 434 448 esset
470 407 612 447 audire
650 421 697 447 ac
735 408 908 459 discere,
951 422 1036 448 non
1073 407 1200 447 611616
1237 407 1508 460 extrinsecus,
1544 426 1560 451 5

179 481 265 507 non
301 480 376 519 per
414 466 756 519 osssenbationem,
793 466 864 507 sed
899 466 1082 506 indidem
1113 469 1212 506 nata
1242 468 1507 519 acceptaque.

121 537 164 565 21)
267 524 487 565 Praeterea
519 525 568 565 de
599 539 709 578 penu
741 525 1061 566 adscribendum
1093 523 1174 565 hoc
1205 525 1331 565 etiam
1361 524 1508 578 putavi

180 582 406 624 Servium
453 582 731 637 Sulpicium
782 584 826 623 in
873 584 1194 637 reprehensis
1239 582 1506 624 Scaevolae

178 642 559 696 capitibusffirA
575 643 671 683 He>
684 642 778 695 ΒΓ.)
793 642 1006 696 scripsisse
1027 641 1147 682 Cato
1168 641 1506 694 Aelio(fr.1I-I.

178 704 214 741 et
237 701 331 747 ΒΓ.)
364 702 586 755 placuisse,
624 715 709 742 non
748 716 852 754 quae
890 702 977 741 esui
1016 704 1057 741 et
1088 701 1208 754 potui
1239 701 1396 753 forent,
1435 700 1507 740 sed
1527 719 1559 743 10

177 759 276 800 thus
315 774 481 814 quoque
519 763 561 800 eb
598 774 739 801 cereos
772 760 815 800 in
846 775 956 813 penu
989 775 1095 811 esse,
1134 759 1245 813 quod
1277 762 1386 800 esset
1417 759 1505 799 eius

121 828 161 858 21
178 819 308 859 ferme
336 820 396 859 rei
422 833 545 859 causa
570 822 869 872 comparatum.
925 818 1174 859 Masurius
1200 821 1340 858 autem
1367 817 1506 858 Sabi-

177 892 267 918 nus
299 878 343 918 in
370 878 494 918 iuris
522 878 690 918 civilis
718 878 933 918 secundo
961 878 1031 930 (fr.
1052 881 1076 917 1
1096 877 1152 918 H.
1172 881 1228 917 38
1246 877 1341 930 Bon)
1367 877 1506 929 etiam,

177 936 291 990 quod
316 937 597 977 iumenssorum
625 950 748 977 causa
774 939 1021 990 apparatum
1046 939 1165 989 esset,
1198 935 1349 988 quibus
1376 935 1506 976 domi-

119 1006 162 1035 22
177 1010 255 1035 nus
292 998 496 1048 uteretur,
534 996 681 1048 penori
715 996 965 1036 attributum
999 995 1110 1035 dicit.
1171 994 1307 1048 Ligna
1339 1008 1506 1047 quoque
1526 1012 1558 1036 15

177 1056 218 1094 et
240 1054 380 1109 virgas
402 1057 442 1094 eb
462 1054 674 1106 carbones,
701 1054 852 1107 quibus
874 1054 1148 1094 conficeretur
1166 1068 1310 1106 penus,
1337 1053 1505 1106 quibus-

177 1113 272 1152 dam
310 1113 429 1165 (Rufi
456 1126 556 1165 resp.
585 1111 627 1153 1¹0
652 1128 694 1165 2).
722 1116 777 1153 44
805 1113 941 1153 Mucii
966 1113 1043 1152 dur.
1075 1113 1145 1153 civ.
1168 1113 1223 1164 fr.
1251 1114 1295 1151 '7a
1314 1111 1409 1165 Br.)
1446 1111 1506 1151 ait

119 1182 162 1212 23
176 1171 308 1212 videri
341 1186 428 1212 esse
461 1172 505 1212 in
537 1186 658 1225 penu.
714 1171 779 1211 Ex
811 1171 876 1211 his
908 1174 1059 1222 aubem,
1092 1185 1198 1224 quae
1229 1170 1506 1224 promercalia

176 1233 217 1271 eb
248 1231 387 1270 usaria
418 1230 549 1271 isdem
582 1231 626 1271 in
656 1232 760 1271 locis
792 1230 997 1283 <essent>,
1029 1244 1118 1270 esse
1150 1244 1197 1270 ea
1222 1230 1312 1270 sola
1336 1229 1504 1283 penoris

176 1292 314 1342 putat,
347 1304 452 1342 quae
485 1289 585 1330 satis
618 1290 702 1330 sint
732 1304 810 1330 usu
843 1303 992 1330 annuo.
1525 1304 1558 1329 20

819 1406 859 1447 II

176 1487 324 1520 Morbus
350 1488 387 1521 et
412 1487 542 1520 vitium
562 1487 651 1530 quid
671 1486 834 1527 differam
861 1488 897 1519 et
923 1497 1033 1529 quam
1052 1486 1125 1519 vim
1145 1486 1307 1519 habeant
1325 1485 1505 1519 vocabula

222 1534 294 1567 ista
320 1534 357 1567 in
383 1533 503 1568 edicto
530 1534 722 1570 aedilium:
756 1535 793 1567 eb
818 1544 864 1567 an
891 1534 1077 1567 eunuchus
1104 1535 1141 1566 et
1166 1533 1307 1567 steriles
1333 1532 1504 1566 mulieres

221 1580 408 1615 redhiberi
432 1582 590 1624 possint3
618 1581 856 1624 diversaeque
882 1591 990 1624 super
1015 1591 1058 1614 66
1083 1591 1121 1613 re
1148 1580 1362 1614 sententiae..

143 1677 159 1707 1
263 1663 312 1705 In
361 1665 526 1705 edicio
571 1664 808 1705 aedilium
853 1663 1119 1716 curulium,
1170 1679 1250 1717 qua
1293 1666 1411 1717 parte
1454 1664 1504 1704 de
1524 1680 1556 1704 25

176 1724 396 1777 mancipiis
446 1724 678 1764 vendundis
729 1726 896 1764 caubum
944 1726 1023 1775 est,
1073 1723 1275 1776 seriphum
1320 1723 1380 1762 sic
1422 1722 1504 1762 fuit

270 1854 289 1884 9
311 1862 387 1895 sqq.
421 1850 502 1895 Dig.
530 1850 681 1884 XXXIII
707 1854 737 1891 9,
765 1854 794 1892 3,
823 1854 840 1883 7
857 1861 932 1893 sqq.
1081 1853 1121 1883 18
1136 1861 1212 1892 sqq.
1240 1849 1322 1893 Dig.
1343 1848 1364 1882 1.
1386 1849 1408 1882 l.
1430 1853 1461 1890 4,
1484 1853 1502 1882 2

176 1897 309 1931 XXXII
328 1901 383 1940 60,
404 1902 423 1931 2
567 1902 610 1931 25
625 1909 701 1941 sqq.
729 1898 777 1931 ad
796 1899 914 1931 totum
934 1898 1045 1940 caput
1065 1896 1127 1930 cfr.
1145 1896 1225 1940 Dig.
1241 1896 1324 1929 XXI
1340 1900 1369 1938 1,
1392 1900 1407 1929 1
1425 1907 1501 1939 sqq.

171 1944 260 1987 (Cic.
283 1944 387 1978 Tusc.
407 1944 457 1978 IV
479 1948 532 1987 13,
553 1948 596 1978 28
611 1947 689 1988 sq),
716 1945 763 1978 ad
784 1948 802 1985 ξ
826 1948 842 1977 1
865 1944 935 1977 Cic.
957 1943 1015 1978 off.
1035 1943 1085 1977 III
1107 1947 1159 1986 17,
1182 1947 1221 1976 71
1244 1943 1357 1976 Varro
1377 1955 1402 1976 r.
1424 1954 1450 1976 r.
1470 1942 1504 1976 ΙΙ

178 1996 230 2033 10,
253 1996 271 2025 5
299 1991 381 2036 Dig.
402 1992 485 2025 XXI
507 1996 536 2034 1,
559 1995 611 2034 17,
635 1995 675 2025 17
703 1991 782 2024 FIR
800 2003 834 2035 p.
857 1994 922 2025 256

271 2113 287 2142 1
322 2120 385 2142 suo
412 2109 494 2143 aad.
524 2120 542 2142 σ
573 2119 656 2142 vero
683 2109 795 2142 Hertz
814 2110 824 2152 Η
845 2112 864 2141 3
896 2108 934 2142 in
959 2120 992 2151 g.
1020 2118 1209 2141 commune
1236 2121 1262 2140 ω
1287 2118 1375 2141 corr.
1404 2107 1502 2141 Mer-

174 2167 273 2189 cerus
292 2158 303 2199 Η
324 2160 342 2189 9
375 2158 454 2189 sato
482 2157 514 2199 (o
541 2166 583 2190 em
608 2167 627 2189 6
647 2157 687 2199 R)
710 2169 735 2188 ω
761 2166 848 2189 corr.
871 2167 891 2192 ς
918 2154 1025 2188 Sexto
1052 2155 1209 2199 Thysius
1227 2156 1237 2198 Η
1259 2158 1297 2187 11
1332 2153 1502 2196 quodque

175 2203 378 2237 Beroaldus
406 2205 409 2246 Ι
438 2203 548 2247 esset]
574 2206 599 2235 1³
634 2213 706 2236 non
737 2203 834 2236 esset
857 2206 887 2234 R
918 2203 1014 2235 esset
1043 2212 1116 2235 non
1141 2205 1170 2234 V
1198 2204 1201 2245 Ι
1230 2201 1306 2235 eius
1338 2200 1502 2235 familiae

176 2250 409 2294 Cmmeyieter
439 2252 449 2293 Η
483 2254 523 2283 15
557 2249 670 2293 Signa
702 2263 728 2282 ω
760 2260 847 2283 corr.
878 2260 897 2281 σ
927 2250 939 2292 Η
972 2253 1013 2281 16
1046 2249 1178 2291 quibus
1210 2248 1309 2291 (dam
1340 2249 1419 2291 om.)
1444 2248 1502 2294 ΒΗ

176 2300 218 2330 19
246 2298 367 2331 essent
392 2307 470 2330 esse
493 2298 599 2330 lmus.
622 2308 667 2339 go)
694 2307 772 2330 esse
792 2310 818 2329 ω
839 2298 849 2339 Η
870 2299 912 2328 23
939 2295 1000 2339 an]
1022 2307 1042 2332 ς
1068 2306 1113 2328 ne
1132 2298 1161 2327 V
1186 2306 1250 2328 om.
1271 2298 1296 2327 P
