1602 2484
396 73 628 107 cxvrvvm
660 72 743 106 miz.
772 71 835 105 vn
863 72 981 116 (vnlyo
1007 70 1078 115 vi).
1107 70 1187 104 vin
1414 71 1464 110 19

113 182 240 236 dixit,
284 185 410 234 atque
455 181 579 233 inibi,
625 180 726 233 quid
768 180 853 220 sint
890 193 986 219 aves
1026 181 1244 232 praepetes
1283 180 1324 218 et
1362 178 1462 231 quid

114 240 210 281 illae
243 241 329 281 sint
361 254 468 293 aves,
502 254 604 292 quas
637 237 836 293 Nigidius
871 238 1055 278 ‘inferas'
1090 236 1331 291 appellavit.

203 298 284 340 Vll
311 298 374 339 De
394 297 508 339 Acca
528 297 726 338 Larentia
746 300 788 337 et
809 296 912 337 Gaia
933 296 1123 350 Tar-acia,
1145 296 1278 349 deque
1300 295 1463 349 origine

115 358 343 399 sacerdotii
374 358 553 397 fratrum
587 357 804 396 arvalium.

202 414 305 457 VIII
352 415 512 458 Notata
557 415 761 468 quaedam
808 415 856 454 dc
900 428 998 468 rege
1038 413 1281 454 Alexandro
1328 415 1368 453 et
1413 412 1462 453 de

113 474 156 516 P.
186 474 385 529 Scipione
418 477 653 515 memoratu
687 473 825 527 digna.

201 533 261 574 IX
288 533 426 574 Locus
447 535 666 586 exemptus
688 547 737 572 ex
759 531 982 573 annalibus
1004 531 1048 572 L.
1072 531 1239 572 Pisonis
1261 529 1464 571 historiae

113 596 155 633 et
189 592 393 633 orationis
425 591 722 645 lepidissimae.

201 650 239 691 X
272 651 465 691 Historia
497 665 623 704 super
649 649 827 690 Euclida
854 649 1083 702 Socratico,
1116 649 1234 689 cuius
1268 648 1462 702 exemplo

112 710 274 751 Taurus
319 709 600 763 philosophus
645 708 805 749 hortari
846 707 1134 748 adulescentes
1174 721 1271 748 suos
1311 706 1462 747 solitus

112 769 162 809 ad
195 768 512 822 philosophiam
546 768 711 808 naviter
743 767 996 807 sectandam.

201 826 261 868 XI
306 827 449 868 Verba
488 843 537 867 ex
577 827 766 867 oratione
807 824 853 874 Q.
880 825 1042 865 Metelli
1080 824 1316 878 Numidici,
1356 839 1461 878 quae

112 887 239 927 libuit
277 886 535 939 meminisse,
577 886 628 925 ad
667 885 856 925 officium
896 884 1116 939 gravitatis
1156 883 1461 938 dignitatisque

112 946 223 986 vitae
257 945 464 986 ducentia.

200 1002 282 1044 XII
322 1003 444 1052 Quod
476 1017 611 1056 neque
640 1002 986 1055 ‘testamentuni’,
1019 1001 1144 1041 sicuti
1172 999 1341 1041 Servius
1369 999 1464 1041 Sul-

112 1063 248 1116 picius
275 1062 546 1111 existimavit,
573 1076 708 1114 neque
737 1060 982 1114 ‘sacellum’,
1009 1060 1135 1100 sicuti
1162 1058 1204 1100 C.
1226 1059 1461 1113 Trebatius,

112 1121 297 1175 duplicia
329 1121 456 1161 verba
488 1123 598 1174 sunt,
631 1120 701 1160 sed
735 1135 758 1160 a
790 1120 1016 1160 testatione
1048 1119 1301 1172 productum
1333 1119 1462 1171 <alte-

111 1182 246 1232 rum),
278 1179 458 1220 alterum
492 1195 516 1220 a
548 1193 664 1219 sacro
700 1179 982 1219 imminutum.

200 1237 304 1279 XIII
342 1238 405 1279 De
439 1237 770 1292 quaestiunculis
803 1238 915 1290 apud
940 1236 1127 1277 Taurum
1154 1235 1460 1290 philosophum

112 1299 154 1338 in
189 1297 382 1339 convivio
416 1297 606 1351 agitatis,
639 1311 745 1349 quae
780 1295 1071 1349 ‘sympoticae’
1105 1297 1320 1335 vocantur.

201 1355 304 1397 XIV
341 1355 594 1396 Poeniendis
628 1356 810 1408 peccatis
838 1357 921 1394 tres
948 1369 1038 1394 esse
1064 1353 1248 1394 rationes
1277 1369 1300 1394 a
1325 1353 1462 1407 philo—

112 1414 257 1468 sophis
290 1414 535 1467 attributas,
567 1417 610 1454 et
642 1413 918 1466 quamobrem
945 1412 1067 1453 Plato
1100 1412 1278 1453 duarum
1311 1427 1361 1453 ex
1393 1411 1459 1452 his

112 1474 362 1526 meminerit,
395 1488 481 1514 non
513 1473 653 1513 trium.
1268 1476 1270 1478 ’

198 1531 279 1573 XV
310 1532 374 1572 De
403 1532 530 1572 verbo
560 1532 775 1585 ‘quiesco’,
808 1546 859 1571 an
888 1545 908 1571 e
934 1530 1077 1571 littera
1103 1530 1257 1583 corripi
1285 1544 1338 1570 an
1366 1544 1459 1583 pro-

113 1591 209 1632 duci
244 1591 404 1631 debeat.

199 1648 300 1690 XVI
344 1649 533 1690 Verbum
574 1649 802 1702 ‘deprecor'
844 1663 867 1688 a
899 1651 1026 1702 poeta
1059 1646 1225 1688 Catullo
1258 1646 1458 1687 inusitate

112 1708 295 1762 quidem,
322 1708 394 1748 sed
420 1710 517 1761 apte
543 1707 730 1761 positum
755 1710 796 1747 et
816 1707 1002 1760 proprie,
1031 1705 1164 1759 deque
1184 1706 1348 1746 ratione
1369 1705 1459 1745 eius

110 1767 228 1807 verbi
261 1766 550 1820 exemplisque
582 1768 773 1806 veterum
807 1766 1072 1818 scriptorum.

200 1824 325 1865 XVII
367 1824 470 1874 Quis
504 1826 693 1865 omnium
726 1825 888 1877 primus
920 1823 1051 1864 libros
1083 1822 1253 1876 publice
1284 1822 1458 1876 praebu-

112 1884 192 1924 erit
224 1883 442 1938 legendos,
477 1886 743 1937 quantusque
775 1897 972 1923 numerus
999 1882 1128 1922 fuerit
1154 1880 1334 1922 Athenis
1361 1883 1458 1922 ante

112 1943 247 1983 clades
289 1942 478 1983 Persicas
522 1941 728 1982 librorum
775 1942 817 1981 in
860 1941 1132 1981 bibliothecis
1176 1939 1456 1993 publicorum.

393 2084 707 2131 CAPITVLA
748 2084 918 2129 LIBRI
956 2083 1178 2130 OCTAVI

200 2176 219 2217 I
260 2176 484 2218 ‘Hesterna
515 2177 659 2216 noctu’
694 2179 858 2216 rectene
890 2191 942 2216 an
973 2190 1068 2217 cum
1095 2176 1200 2216 vitio
1229 2175 1392 2216 dicatur
1417 2178 1459 2215 et

113 2250 320 2290 quaenam
348 2250 473 2289 super
495 2235 587 2275 istis
608 2234 747 2275 verbis
768 2235 1043 2289 grammatica
1063 2234 1234 2275 traditio
1256 2234 1328 2288 sit3
1354 2234 1456 2274 item

113 2294 227 2347 quod
248 2294 472 2335 decemviri
492 2294 537 2334 in
550 2292 631 2334 XII
652 2293 810 2333 tabulis
833 2294 946 2333 ‘nox’
968 2307 1044 2347 pro
1067 2293 1225 2334 ’noctu’
1248 2293 1455 2333 dixerunt.

1200 2361 1244 2393 2*
