1602 2484
636 65 904 99 PRAEFATIO
1330 64 1440 98 xum

96 191 172 226 quo
207 177 270 215 Kr.
310 178 467 223 nititur,
508 177 590 215 loco
624 191 659 226 p.
689 178 783 223 246,
813 179 866 214 30
900 177 1035 214 Festus
1072 177 1242 214 Varrone
1276 177 1433 213 laudato

95 237 141 274 de
179 237 468 286 praepositione
503 248 572 283 pro
606 236 797 284 loquitur,
836 237 901 273 sed
933 237 1052 273 etiam
1087 237 1182 283 226,
1210 238 1252 282 3,
1287 237 1382 282 229,
1414 238 1428 271 4

95 299 145 343 et,
176 295 243 333 ubi
273 295 459 333 Catonem
491 296 662 340 arcessit,
698 297 791 334 234.
824 298 884 333 10.
943 295 1111 332 Tantum
1144 295 1315 344 spatium
1348 307 1431 331 011111

94 356 130 391 oi
163 355 444 404 praepositioni
471 355 703 391 concesserit
729 354 999 402 similiterque,
1031 356 1076 391 111
1102 366 1172 403 par
1198 355 1291 400 erat,
1326 366 1433 402 prae-

95 413 355 463 positionibus
381 413 424 449 ob
452 426 486 461 p.
520 414 610 458 178,
643 414 710 450 14:
750 414 839 459 190,
869 416 910 460 23
945 414 1040 459 201,
1067 414 1104 457 3
1136 412 1188 449 acl
1214 426 1248 461 p.
1281 415 1343 457 12,
1373 413 1415 448 1
1399 426 1434 458 ›,

95 473 200 519 apud
242 474 305 518 12,
343 473 404 517 16,
445 473 483 508 m
520 473 612 515 109,
642 474 706 515 21,
744 484 858 518 super
897 473 1002 522 (cum
1042 472 1200 509 Catonis
1239 443 1434 521 exemploi

97 532 192 577 305,
223 534 257 578 1,
288 542 445 568 causam
479 544 552 567 11011
589 531 711 575 video,
744 544 811 567 0111·
844 532 1023 579 propiore
1050 532 1156 569 fonte
1184 531 1358 580 neglecto
1386 530 1433 567 ad

37 594 38 597 ’
94 590 248 640 longius
286 590 497 627 distantem
535 601 787 627 recurramus.
852 590 991 627 Vtrum
1027 590 1147 626 fuerit
1178 590 1303 626 maius
1336 601 1434 637 opus

94 649 140 686 de
173 649 377 686 verborum
410 648 629 698 significatu
665 661 714 685 an
748 648 856 695 illud,
888 661 964 697 quo
997 649 1043 685 de
1075 648 1246 686 obscuris
1275 648 1433 685 Catonis

94 707 299 758 agebatur,
340 720 414 745 non
450 707 617 745 discerni
650 709 780 756 potest
812 720 935 755 neque
967 708 1135 744 multum
1166 708 1296 744 refert.
1361 706 1433 743 Sed

94 779 331 815 quamquam
365 768 529 804 fortasse
562 779 637 803 11011
670 767 773 813 licet,
806 766 902 803 libet
932 766 1113 816 progredi
1139 766 1186 803 ad
1214 766 1433 803 audaciora.

95 825 223 875 Caput
254 827 425 875 primum
456 825 505 862 ad
538 825 725 862 Varronis
759 838 854 873 opus
887 825 945 862 bis
978 826 1222 862 nominatum
1255 826 1433 862 certatim

94 884 270 933 plerique
301 885 594 930 revocaverunt,
626 896 725 921 unus
759 884 902 921 Mirsch
934 884 993 920 Ile
1026 884 1210 921 Varronis
1235 885 1350 929 antiq.
1381 884 1434 919 60

93 943 378 981 dubitationem
417 944 540 980 movit
572 943 725 980 collatis
758 942 853 979 XIII
883 945 946 989 12,
975 944 1017 989 43
1045 944 1087 990 :33
1117 944 1138 979 7
1173 943 1433 980 intercessisse

93 1005 201 1039 ratus
229 1002 390 1039 Ateium
418 1002 658 1051 Capitonem.
716 1001 1014 1039 Dubitationem
1046 1002 1190 1039 iustam
1223 1004 1330 1050 puto,
1364 1001 1434 1037 fal-

95 1073 197 1108 sum,
235 1061 428 1110 quomodo
467 1061 691 1110 expedierit.
754 1061 905 1098 Nomen
938 1061 1077 1097 Italiae
1116 1060 1163 1097 ab
1197 1059 1339 1105 ἰταλοῖς
1371 1060 1433 1096 de-

93 1121 263 1157 rivatum
297 1121 451 1168 praeter
477 1120 693 1157 Varronem
720 1118 744 1167 §
775 1123 793 1156 1
824 1121 863 1157 et
888 1133 916 1156 r.
943 1132 972 1156 r.
999 1120 1037 1156 II
1068 1122 1102 1163 1,
1125 1122 1147 1155 9
1177 1114 1262 1169 (cfr.
1286 1118 1433 1156 Colum.

95 1178 149 1215 VI
176 1192 231 1228 pr.
262 1174 303 1230 7)
332 1179 492 1216 Verrius
518 1180 739 1228 capessivit,
772 1179 839 1216 cfr.
867 1179 975 1215 Paul.
1004 1193 1038 1228 p.
1070 1179 1163 1225 106,
1187 1180 1228 1225 ῖς
1260 1178 1363 1214 idem
1389 1178 1434 1214 de

93 1238 218 1275 multa
250 1238 419 1274 maxima
452 1252 486 1286 p.
519 1239 611 1283 144,
640 1239 662 1274 4
692 1232 808 1288 (213,
837 1233 922 1289 22),
954 1237 1000 1274 (10
1032 1237 1117 1287 lege
1144 1237 1312 1286 Tarpeia
1340 1238 1433 1279 237,

97 1297 146 1333 16
182 1291 317 1348 (paulo
350 1297 466 1334 aliter
500 1298 594 1343 202,
624 1291 752 1347 11)¹)‚
786 1296 832 1334 de
865 1297 970 1334 vocis
1002 1297 1082 1333 ovis
1113 1308 1252 1346 genere
1284 1290 1432 1341 virili²J

94 1369 128 1404 p.
158 1356 253 1402 286,
283 1356 346 1402 18,
379 1355 424 1392 de
458 1368 550 1393 voce
581 1355 703 1392 malta
735 1356 956 1405 alienigena
988 1369 1022 1404 p.
1055 1356 1148 1402 142,
1177 1357 1226 1391 21
1263 1367 1307 1391 ex
1336 1354 1434 1391 Var-

93 1415 198 1452 ronis
225 1416 373 1463 quaest.
402 1415 526 1464 epist,
559 1414 603 1451 de
638 1414 879 1452 Samnitibus
912 1427 931 1451 e
957 1413 1113 1451 Sabinis
1146 1415 1241 1451 ortis
1274 1427 1309 1462 p.
1339 1415 1435 1459 327,

96 1475 137 1520 2;
178 1473 272 1520 326,
307 1474 328 1510 6
369 1474 464 1524 agit
532 1473 591 1510 En
630 1472 748 1510 Gellii
790 1473 972 1511 horreum
1009 1473 1204 1510 frumento
1243 1472 1434 1510 Verriano

93 1531 290 1570 refertum.
353 1532 490 1581 Itaque
530 1545 617 1569 cum
649 1532 810 1570 Verrius
848 1532 946 1570 tales
981 1533 1113 1581 copias
1145 1533 1225 1569 iam
1257 1528 1434 1569 accumu-

93 1591 247 1638 laverit,
274 1589 444 1628 Gellium
470 1591 632 1629 eandem
659 1603 818 1640 operam
844 1590 1007 1629 subiisse
1033 1603 1142 1640 nego,
1170 1590 1236 1628 sed
1262 1603 1306 1627 ex
1326 1590 1433 1627 illius

93 1651 222 1687 farina
259 1663 403 1687 novum
438 1663 577 1699 panem
609 1651 723 1688 coxit.
786 1649 910 1688 Locus
945 1649 1186 1687 Catonianus
1219 1649 1322 1698 apud
1356 1650 1434 1685 Au-

93 1710 271 1758 gusteum
309 1709 404 1758 quin
442 1709 653 1755 exstiterit,
695 1708 824 1747 nullus
862 1708 1016 1756 dubito,
1060 1709 1179 1745 immo
1216 1708 1280 1745 hic
1318 1720 1433 1746 causa

92 1768 168 1805 toti
205 1767 457 1816 explicationi
495 1768 587 1815 fuit,
626 1768 683 1805 ita
720 1769 764 1805 ut
801 1769 834 1805 si
869 1767 1044 1817 ordinem
1075 1766 1221 1804 laboris
1254 1779 1276 1804 a
1308 1765 1433 1803 Gellio

93 1826 284 1875 insumpti
315 1826 519 1864 observare
552 1827 660 1874 velis,
692 1827 833 1875 capitis
866 1829 976 1863 tenor
1008 1827 1121 1874 quasi
1145 1827 1249 1863 retro
1276 1826 1327 1863 sit
1353 1826 1432 1863 vol-

93 1885 250 1923 vendus.
307 1885 391 1922 Iam
417 1885 577 1923 Verrius
609 1886 650 1922 in
676 1898 705 1922 0.
738 1888 756 1922 1
792 1887 831 1922 01
864 1886 887 1922 3
921 1897 1131 1934 expensum
1162 1885 1266 1922 tulit.
1323 1883 1432 1928 Quod

93 1945 125 1981 si
163 1945 250 1993 quis
288 1944 547 1983 confidentior,
576 1944 696 1982 etiam
728 1944 891 1982 alterius
923 1944 1064 1993 capitis
1098 1943 1315 1981 Catoniana
1347 1955 1433 1980 cum

92 2002 176 2040 1000
205 2002 400 2040 Ciceronis
433 2004 469 2040 ei
497 2003 751 2040 adnumerare
777 2003 884 2051 velit,
917 2016 994 2040 non
1019 2003 1099 2039 iam
1125 2015 1274 2050 sequar.
1331 2001 1433 2039 Nam

93 2062 275 2099 carminis
320 2062 365 2099 de
407 2062 578 2100 moribus
616 2073 704 2099 oum
742 2074 811 2100 nec
848 2062 938 2099 vola
974 2074 1043 2099 nec
1082 2061 1292 2111 vestigium
1329 2061 1433 2109 apud

190 2213 221 2252 1)
248 2210 291 2243 V·
282 2221 317 2243 ix
338 2210 534 2253 quisquam
554 2208 693 2243 obiciat
713 2208 832 2253 legem
847 2209 1042 2253 Tarpeiam
1063 2209 1173 2242 dicia
1189 2209 1305 2252 Festo,
1328 2210 1433 2242 Ater-

94 2257 194 2290 niam
219 2267 241 2291 a
267 2255 395 2291 Gellio.

189 2306 222 2347 2)
250 2303 301 2338 1)0
328 2303 736 2347 Non10111„p<.›115,25
764 2303 819 2336 vd.
842 2303 951 2337 Hertz
976 2303 1038 2347 Op.
1064 2303 1106 2337 G.
1130 2307 1205 2337 124
